2828 4920
270 186 336 253 354
496 194 549 251 ult
571 192 778 251 POENAlilibl
800 192 1133 252 contumeliatus*
1136 194 1170 250 u.
1260 188 1333 266 [Ista.
1347 197 1380 254 11.

345 366 367 432 2
402 364 484 431 Erat
500 364 585 454 apud
602 363 810 433 Athenienses
832 365 899 432 Ara
916 361 1156 447 Misericordiae,
1176 361 1267 451 cujus
1284 367 1380 431 memi-

102 480 233 571 ffiktgspss
270 475 388 535 nerunt
411 465 549 543 ‘Cicera
568 466 753 544 Pausanias,
774 466 931 543 ²Serrius,
956 465 1052 532 etiam
1069 463 1267 552 Theophilus
1285 465 1316 530 in
1334 466 1378 532 In-

104 574 250 628 νων»
270 563 493 643 stitutionibus,
510 574 544 633 et
560 588 654 654 quam
670 568 734 634 late
754 567 902 635 describit
922 564 1074 655 Papinius
1094 565 1283 633 duodecime
1307 569 1378 635 Tbe-

272 669 397 737 baidoa
438 666 484 734 At
497 666 610 756 quibus
626 669 756 757 patebat
771 669 851 736 illa?
890 668 981 735 Audi
998 673 1124 757 poetam
1141 670 1240 755 (rens.
1259 669 1357 754 483):

621 790 661 847 Et
675 790 771 848 miseri
785 790 880 848 fecere
893 805 1020 846 sacram

270 911 345 957 mex
361 887 540 958 convenisse
554 911 592 957 ee
608 890 655 957 sit
669 892 764 976 (vers.
783 890 882 976 507)=

476 1030 481 1037 ·
593 1011 692 1068 Victor
706 1010 788 1068 bellis
802 1011 951 1086 patriaque
964 1008 1064 1068 assde
1077 1005 1203 1082 fugatos,

446 1099 667 1173 Bcgnommque
682 1100 789 1172 inopes.

104 1211 257 1303 mat
271 1195 427 1266 Aristides
450 1188 632 1286 t’propriam
654 1198 888 1267 Atheniensium
909 1195 1034 1265 laudem
1057 1218 1126 1264 esse
1147 1197 1206 1276 ait,
1229 1196 1296 1282 τήν
1316 1203 1377 1269 τῶν

270 1296 488 1394 πανταχόθεν
509 1291 764 1392 δυστυχούντων
787 1294 955 1396 ὑποδοχήν
978 1296 1031 1368 aei
1054 1299 1279 1390 παραμυθίαν,
1299 1305 1377 1391 quod

269 1402 418 1469 omnibus
442 1401 584 1488 undique
602 1403 789 1488 infelicibus
805 1403 962 1490 perserpio
983 1423 1025 1468 αο
1048 1400 1169 1468 solatio
1197 1415 1290 1470 esset.
1339 1405 1378 1469 Et

104 1510 246 1606 &ffli-
269 1499 364 1569 alibi:
390 1502 459 1575 τοῖς
477 1495 548 1570 καθ’
571 1496 609 1569 ἐκ
624 1497 731 1575 'reove
748 1499 912 1596 οἷτυχοῦσι
933 1499 1022 1583 κοινὴ
1037 1503 1141 1570 πᾶσιν
1162 1497 1312 1574 ὕπεστιν
1332 1500 1378 1574 ed·

102 1603 198 1645 Μ
270 1603 385 1698 τυχὶα,
401 1598 445 1702 sd
457 1606 517 1684 τῆς
540 1597 671 1676 πόλεως
688 1600 814 1684 ταύτης
830 1597 903 1684 ἦθος
921 1599 979 1698 ὑφ’
996 1596 1034 1672 oi
1050 1597 1228 1698 σώζονται·
1255 1608 1310 1674 leis
1326 1609 1379 1694 qni

269 1705 378 1772 abieris
394 1704 536 1771 locorum
551 1704 698 1789 infelices
714 1713 799 1779 steret,
816 1707 994 1770 communis
1010 1707 1057 1771 eis
1073 1726 1142 1770 ana
1161 1708 1379 1794 estfele'citas,

269 1805 400 1873 benitas
432 1805 581 1872 civitatis
609 1805 826 1881 Atheniensis,
851 1827 916 1892 per
944 1827 1044 1893 qnam
1069 1806 1193 1873 salamis
1223 1814 1396 1896 compotes

260 1907 359 1992 fiunt.
410 1903 505 1991 Apud
540 1903 781 1990 Xenophontem
804 1905 964 1971 Patrocles
993 1904 1148 1972 Phliasius
1174 1905 1209 1972 in
1238 1909 1381 1976 emtione

101 2015 238 2105 {iffae
267 2027 362 2095 quam
380 2003 513 2072 Athenis
529 2002 687 2070 habebat:
704 1999 843 2100 ἐζήλουν
854 1997 954 2086 τήνδε
970 2001 1034 2087 τήν
1051 1998 1161 2085 πόλιν,
1179 2003 1235 2075 ὅτι
1253 2005 1381 2083 πάντας

267 2103 322 2176 rui
340 2103 417 2180 τοδς
437 2096 653 2188 ἀδικουμένους
670 2104 721 2173 καὶ
738 2101 814 2180 rode
832 2101 1058 2200 φυβουμένους
1075 2100 1192 2176 ἐνθάδε
1208 2107 1383 2206 καταφεύ-

266 2234 395 2299 γοντας
423 2201 609 2294 ἐπικουρίας
632 2197 798 2282 δεομένους
830 2201 944 2288 ἤκουον
975 2204 1168 2298 τυγχάνειν·
1197 2209 1383 2278 laudabam

265 2309 353 2375 hanc
367 2309 489 2383 urbem
513 2308 601 2395 qnod
617 2328 724 2372 omnes
748 2318 809 2372 aut
825 2309 953 2392 injuriet
972 2310 1114 2393 affectos,
1132 2320 1192 2375 out
1212 2311 1285 2378 sibi
1295 2337 1330 2400 p.
1348 2337 1384 2380 ae·

266 2421 450 2487 metuentes,
473 2411 504 2474 ai
525 2409 590 2473 Ιιιιο
604 2409 833 2494 ρινβιιοῖιινυε,
857 2409 981 2474 anexilii
1005 2421 1163 2495 compotes
1177 2412 1261 2494 fieri
1288 2416 1385 2481 intel-

267 2509 421 2577 leceram.
473 2507 563 2574 Idem
588 2529 696 2573 sensus
717 2506 819 2574 estin
841 2507 972 2595 epistola
986 2509 1209 2576 Demosthenis
1230 2532 1295 2598 pro
1319 2515 1384 2604 Ly-

265 2609 356 2699 curgi
371 2607 487 2676 liberis.
516 2609 628 2694 ltaque
646 2607 787 2694 OEdipus
806 2607 848 2673 ad
868 2607 1018 2673 Colonum
1036 2609 1228 2698 confugiens,
1252 2612 1291 2679 in
1316 2614 1384 2703 ejus

264 2709 397 2776 nominis
407 2708 574 2800 tragoedia,
584 2708 685 2796 capud
698 2707 883 2797 Sophoclem
893 2707 938 2775 ita
948 2718 1082 2776 testatur
1092 2711 1275 2797 (vers.521‚
1287 2719 1383 2804 ete.):

263 2868 381 2918 indonet
392 2868 424 2915 ed
437 2882 464 2915 sc
474 2868 646 2929 profugerant:
663 2866 797 2929 Armenius
846 2881 894 2914 ans
903 2867 951 2916 xri.
961 2869 999 2916 18.

263 2946 317 2995 utu
327 2960 352 2996 v.
368 2960 421 3008 cap.
431 2947 470 2993 et.
500 2945 539 2992 De
553 2945 652 3005 Cegena
667 2943 796 2992 Patzinnea
892 2943 903 2974 ⁸
918 2945 992 3006 Apud
1003 2944 1160 2994 Scholiastem
1170 2946 1252 3008 sestis,
1264 2951 1293 2999 in
1304 2953 1383 3005 Theb.

261 3036 312 3070 non
328 3022 411 3070 dedito
424 3021 558 3083 postulanti
574 3021 683 3083 Tyracho
700 3021 754 3066 ride
770 3021 795 3066 in
846 3033 896 3068 xm.
908 3021 1217 3083 manumissionibus
1227 3025 1382 3079 Tusculana.

263 3097 418 3147 Constantini
426 3096 580 3144 Menomaehi
588 3097 660 3142 rebus
668 3096 795 3153 Zonararn,
846 3110 900 3144 rum
917 3096 942 3143 id
954 3097 1035 3145 refert.
1067 3098 1115 3145 Sed
1132 3099 1166 3145 nil
1182 3099 1213 3147 ds
1228 3115 1260 3149 ea
1277 3105 1331 3152 Ara
1347 3107 1382 3154 ibt

261 3171 520 3235 (hib.xv11.cap.26.
554 3171 684 3231 eamn)
715 3169 755 3216 Sic
769 3176 795 3219 et
845 3174 974 3235 reperitur.
1005 3172 1077 3221 AB.
1397 3163 1399 3167 ¹

263 3250 383 3298 Οιιιιααεε
406 3249 438 3295 ab
459 3247 582 3308 lnungino
602 3247 718 3306 praeiecto
744 3260 793 3292 non
890 3247 1027 3312 Ιδειύιίιι]
1041 3248 1084 3297 Ad
1095 3242 1382 3319 v111.AEncidos,lrms.

261 3325 358 3374 deditus
375 3324 496 3371 Eskisari:
511 3323 671 3370 Lentnclavius
684 3322 747 3369 libro
763 3336 791 3369 ιι.
843 3324 908 3384 342.)

261 3401 378 3450 fflstorioe
394 3401 505 3449 Threicae.
535 3399 729 3460 Albuquereium
742 3399 793 3446 Lu·
890 3400 1051 3461 l>Proprium
1069 3401 1248 3450 Atheniensium
1269 3405 1382 3473 huden]

261 3478 334 3526 sitani
344 3491 393 3525 nen
406 3476 527 3533 dedidere,
542 3479 571 3520 ut
584 3479 703 3520 memorat
717 3474 793 3520 Mari·
845 3475 923 3532 Quam
931 3477 1073 3538 Arragcniis
1080 3479 1165 3527 tribuit
1172 3479 1381 3535 umummna

260 3719 339 3762 same
359 3701 430 3760 rulc.
473 3701 535 3758 'the
559 3701 737 3757 Chalcidians
760 3701 853 3757 would
876 3709 927 3759 not
949 3705 1014 3777 gire
1036 3723 1076 3779 up
1098 3704 1241 3779 Nauplius
1265 3713 1300 3765 to
1327 3709 1381 3767 tho

259 3792 416 3855 Achaians3
438 3790 491 3846 but
505 3790 555 3845 the
570 3805 653 3843 cause
668 3789 692 3843 is
706 3789 809 3852 added,
820 3790 941 3846 because
956 3792 993 3848 he
1005 3792 1062 3848 had
1076 3793 1245 3867 sufficiently
1260 3795 1380 3854 cleared

259 3878 378 3935 himself
387 3879 464 3933 from
480 3877 528 3933 the
541 3877 717 3930 accusations
730 3877 763 3930 oi
774 3875 825 3932 the
840 3878 989 3935 Achaicus.

314 3972 332 4020 2
353 3965 448 4020 There
462 3980 518 4018 was
533 3970 563 4017 nt
574 3963 682 4017 Athens
695 3981 732 4017 an
744 3963 826 4018 Alter
841 3965 875 4019 oi
892 3966 999 4039 Merey,
1015 3967 1180 4023 mentioned
1191 3966 1231 4040 by
1243 3968 1381 4039 ciceron

236 4051 423 4116 Pausanias,
443 4051 565 4113 Servius,
584 4050 766 4122 Theophilus,
787 4052 844 4106 and
866 4052 1014 4108 described
1033 4062 1063 4110 at
1084 4054 1184 4126 length
1206 4055 1245 4129 by
1264 4059 1379 4117 Statius

218 4175 227 4189 .
258 4140 288 4194 in
303 4138 347 4194 his
366 4138 493 4194 Thebaid.
531 4138 588 4192 But
600 4144 630 4192 to
647 4137 739 4193 whom
754 4155 809 4192 was
825 4140 1032 4196 itaecessible?
1065 4142 1127 4197 The
1142 4149 1210 4215 poet
1224 4160 1301 4218 says,
1323 4149 1380 4205 The

256 4227 396 4283 miserebis
409 4226 488 4280 mede
505 4226 528 4280 it
541 4225 637 4279 secred
645 4243 655 4278 .·
673 4225 729 4280 and
744 4225 823 4288 adds,
839 4225 902 4282 that
917 4229 986 4283 those
1000 4229 1058 4282 ruho
1074 4247 1147 4286 come
1165 4233 1283 4304 topetler
1297 4237 1381 4302 there,

302 4345 317 4372 '
333 4343 431 4401 Quoted
441 4329 473 4404 b,
483 4341 525 4388 the
536 4341 655 4388 Scholiast
665 4355 696 4387 on
709 4342 808 4399 Statius,
823 4343 893 4391 Theb.
906 4357 956 4393 xrs.
968 4347 1021 4403 481,
1031 4348 1112 4395 where
1123 4348 1154 4396 he
1165 4349 1242 4398 refers
1256 4351 1280 4400 is
1291 4357 1320 4402 ta
1335 4355 1380 4402 the

254 4419 392 4469 Tuscnlsns
403 4435 411 4467 ι
424 4420 469 4466 but
479 4419 504 4465 ln
514 4418 569 4464 that
579 4421 646 4464 work
657 4418 726 4465 there
736 4418 757 4464 is
768 4418 872 4481 nothing
881 4421 957 4468 about
967 4423 1026 4469 such
1036 4436 1067 4469 en
1078 4423 1149 4472 altar.
1179 4424 1195 4474 J
1198 4426 1243 4474 .1t.
