2828 4920
250 197 294 265 86
620 207 673 265 ΒΕ
694 207 991 268 momentum.
1234 207 1315 282 [lun.
1328 211 1406 269 11:

246 397 330 447 reru
352 374 458 444 locere
484 373 569 443 dicto
596 397 731 466 quornm
758 379 865 448 Deum
892 377 1038 448 adhibuit
1066 386 1203 449 mrtem:
1229 401 1309 447 nem
1340 379 1406 448 i-

250 485 350 555 ectus,
366 476 421 564 qni
446 497 505 565 per
527 497 561 543 se
587 488 636 546 est
660 479 873 571 oblignmrim,
897 503 938 548 ex
962 480 1067 549 enimc
1091 479 1269 548 deliberato
1293 502 1392 569 pro-

250 576 353 645 cessit
405 575 465 644 Cui
490 598 681 667 consequens
705 590 756 649 est
776 590 814 649 nt
837 601 1017 670 quenquam
1039 581 1227 672 plerumque
1251 602 1366 648 rerum

23 756 28 766 ι
84 701 219 791 posent
251 685 301 745 est
316 675 393 744 illud
411 676 524 757 Tullii;
555 682 651 762 Quod
671 705 711 749 ee
734 685 843 750 animi
867 685 919 750 tui
944 686 1106 751 neemia
1123 684 1311 769 juraveris,
1326 684 1365 749 id

250 780 450 866 nonfacere
465 780 653 867 pery'urium
678 794 726 850 eet
736 807 750 860 ,⁰
772 805 835 871 quo
856 790 890 850 et
909 781 988 850 illud
1007 783 1146 872 pertinet
1165 782 1255 873 quod
1275 782 1358 874 epod

84 887 189 973 epp
252 879 426 947 Homerum
438 878 551 969 jurans
569 880 678 971 Ulyssi
695 882 835 973 Calypso
851 881 917 951 rit:

465 999 544 1057 Ἀλλὰ
565 1003 598 1057 rd
618 1001 667 1073 piu
688 1003 752 1059 ree'o
770 1005 813 1060 eol
833 999 1025 1078 φρᾶσσομω.

467 1104 576 1162 Verum
596 1107 707 1165 unimus
724 1103 801 1182 quod
822 1111 910 1167 sentit
930 1107 1008 1166 idem
1024 1108 1132 1182 loquer.

326 1202 349 1268 2
382 1201 422 1269 Id
447 1210 554 1271 tomen
584 1206 666 1274 banc
693 1208 908 1299 exceptionem
936 1208 1063 1287 hubent,
1093 1206 1153 1275 nisi
1185 1207 1241 1296 qni
1269 1208 1363 1298 juret

247 1298 336 1380 reiut,
363 1309 420 1369 unt
448 1304 652 1392 probabiliter
678 1309 797 1391 credet,
824 1309 866 1377 eb
891 1331 930 1377 eo
957 1309 1081 1399 quicum
1109 1308 1274 1398 negotium
1301 1319 1361 1390 est,

248 1401 349 1471 verbo
365 1402 458 1470 nliter
475 1405 593 1493 recipi:
618 1429 691 1473 uum
714 1408 806 1476 dietis
830 1409 906 1498 ipsis
930 1418 1043 1478 testem
1065 1407 1220 1477 adhibens
1241 1410 1362 1488 Deum,

249 1500 344 1570 debet
368 1503 452 1570 dieta
483 1504 587 1572 socero
613 1529 689 1572 vero
714 1502 882 1596 ‘quomode
906 1518 999 1599 putet
1028 1508 1170 1600 intelligi.
1222 1509 1270 1578 Et
1300 1510 1364 1577 hoc

248 1603 406 1690 estquod
431 1603 513 1670 idom
538 1605 583 1671 eit
609 1607 737 1674 Cicero:
768 1612 864 1692 Quod
887 1613 940 1677 ito
957 1613 1113 1696 juratum
1138 1622 1195 1686 eet,
1213 1623 1252 1676 ut
1272 1633 1366 1678 mene

247 1696 443 1789 deferentic²
461 1707 640 1791 conciperet
649 1710 729 1792 fieri
744 1723 898 1797 oportere,
915 1714 954 1776 id
969 1713 1167 1779 emendum
1182 1718 1240 1777 eet.
1263 1709 1366 1800 Apud

79 1811 214 1854 metr-⁴2
248 1801 391 1868 Tacitum
408 1803 561 1892 legimus:
592 1809 748 1892 Trepidis
764 1822 795 1875 et
810 1813 909 1877 cerba
918 1812 1149 1896 jurisjurandi
1160 1834 1226 1898 per
1239 1813 1366 1878 variae

246 1912 337 1969 ortes
366 1905 579 1983 mutantibus,
612 1909 704 1993 queis
725 1910 859 1995 flaqitii
892 1914 1091 1979 corucientia
1119 1915 1240 1978 inerat.
1294 1911 1366 1978 An·

79 2019 233 2070 ruamur.
245 2000 408 2092 gortinusr
442 2005 581 2090 Pery‘uri
601 2019 677 2072 seret
701 2010 761 2095 qui
786 2013 926 2078 servatis
956 2013 1063 2079 verbio
1090 2013 1366 2099 arpocrationem

245 2103 365 2179 mem,
406 2106 523 2190 quibus
550 2107 705 2190 juratum
737 2121 793 2185 cot,
834 2113 1036 2198 deceperunt.
1091 2111 1138 2178 Et
1171 2110 1364 2180 ‘Isidorust

249 2204 448 2292 Quocunque
476 2217 549 2272 arte
580 2208 750 2272 uerborum
781 2212 856 2296 quis
879 2212 983 2296 juret,
1014 2215 1108 2280 Deue
1145 2224 1266 2290 temero,
1301 2215 1366 2300 qui

289 2390 300 2428 ¹
314 2392 436 2455 Quomodo
448 2397 521 2455 putot
536 2392 649 2455 lntelliqd]
672 2394 774 2456 Angus-
848 2395 1231 2449 Quinonmjnnmednthsnrne
1238 2402 1322 2451 msere
1355 2381 1360 2387 ’

243 2469 311 2518 tinus
326 2469 430 2531 epistole
445 2481 555 2518 ocxxrr.
574 2470 604 2516 de
619 2469 661 2517 illo
677 2470 774 2518 loeutus
848 2458 956 2508 (ΜΝ
965 2460 1035 2500 ”⁶²²
1045 2461 1256 2513 ΜΝΨΜ·

243 2545 287 2608 qni
296 2545 417 2592 ePnnicis
434 2546 518 2593 cestris
530 2560 640 2608 egressus
652 2547 677 2592 tn
694 2552 774 2594 eostre
824 2538 854 2584 1⁰
872 2541 1021 2598 proludunt
1036 2541 1121 2602 jorot·
1136 2542 1299 2590 llebroeernm
1314 2557 1365 2605 per

243 2621 356 2679 redieret,
368 2622 425 2668 inde
435 2621 538 2667 Remum
548 2625 661 2668 venerut:
677 2623 713 2668 e'to
726 2637 774 2668 non
825 2614 980 2675 Hispaniam:
1002 2616 1032 2664 Si
1045 2632 1093 2663 non
1107 2631 1138 2665 ee
1152 2619 1285 2667 intentione
1298 2633 1365 2680 per·

243 2696 392 2744 morderent
404 2697 526 2758 pratillum
541 2697 630 2744 Senatu
646 2702 773 2756 nocuerunt,
817 2689 986 2750 secedentem
996 2693 1087 2740 euobis
1095 2695 1365 2756 uprofitentmdr'ta

244 2771 305 2834 prid
320 2771 493 2832 perjurando
509 2773 641 2834 copitueret,
657 2773 701 2819 red
714 2773 774 2834 quid
824 2769 1091 2829 atpueintelleetomt

243 2849 276 2896 ab
293 2848 337 2896 illo
354 2847 439 2908 quibus
452 2847 584 2906 juraverat
602 2853 773 2908 exspectarent.
868 2845 880 2873 ⁸
894 2843 950 2891 vox
964 2844 1008 2891 illu
1021 2845 1148 2906 deserentis
1161 2847 1231 2895 ebert
1244 2847 1278 2895 rb
1292 2849 1364 2910 optl.

244 2924 342 2986 (Epist.
362 2925 414 2971 125.
435 2937 503 2969 norro
522 2922 593 2969 Edit.
608 2923 772 2981 Benedictus.)
824 2920 1038 2968 mirmidonibus.
1069 2921 1176 2970 Omnino
1186 2923 1270 2984 egitur
1281 2923 1363 2974 ibide

243 3000 308 3050 Vide
321 3004 347 3046 et
355 2998 488 3059 sequeutia.
518 2997 581 3044 Vide
596 2997 627 3042 ud
643 2997 704 3042 buno
720 3011 772 3043 rem
823 2995 903 3041 unimo
909 2996 1023 3056 jurantis,
1035 3010 1084 3043 non
1095 2998 1126 3044 de
1135 3011 1208 3045 sensu
1217 3011 1292 3058 quern
1303 3013 1363 3046 rer-

230 3075 343 3137 pulchre
354 3075 419 3120 dictu
428 3072 530 3119 coneilio
547 3070 688 3118 Troslelnno
705 3076 771 3117 tomo
823 3070 861 3116 blo
874 3071 925 3130 ejus
939 3072 1023 3118 tribuit
1037 3073 1066 3129 is,
1079 3073 1122 3133 qni
1137 3073 1218 3120 defert
1230 3073 1362 3136 jurjnren.

244 3162 284 3197 111.
295 3148 459 3205 conciliorum,
468 3146 580 3193 editionis
590 3146 771 3192 sirmondianoe.
823 3145 889 3191 dnm.
910 3146 1029 3208 Adeoque
1038 3147 1106 3194 locus
1116 3149 1176 3194 nihil
1185 3148 1217 3195 ed
1227 3163 1280 3196 rem
1290 3150 1362 3209 iecit,

243 3227 277 3272 Et
287 3225 352 3286 opud
359 3224 515 3270 lllnemurnm
526 3222 549 3266 io
561 3220 676 3280 opusculo
687 3220 770 3266 deDl-
823 3226 851 3267 nt
862 3222 952 3268 dndnrn
966 3224 1143 3270 observavimus
1152 3225 1184 3271 ed
1195 3225 1362 3273 Pnruroore·

241 3301 319 3349 cortic
329 3298 444 3346 lothorii
457 3302 480 3346 et
494 3297 637 3356 lleietlrerqe
651 3295 682 3340 nd
695 3296 771 3342 inter·
823 3310 889 3344 rrnu
900 3303 1018 3356 uostrnm,
1033 3299 1099 3346 dieto
1108 3300 1197 3361 cupite,
1213 3299 1278 3362 315.
1294 3301 1358 3350 Not.

241 3379 394 3440 rogationem
404 3389 440 3423 vr.
457 3375 534 3422 nbiiu
549 3374 611 3420 hanc
626 3373 770 3420 sententium
822 3375 845 3421 2.
876 3373 946 3421 m.

242 3454 414 3503 roetedeDeo
424 3452 526 3499 dicitnr:
865 3448 1360 3512 urecomJLu.n.deSum1³m

242 3703 370 3760 witness:
393 3701 439 3758 for
453 3699 516 3757 that
535 3706 590 3766 oet,
604 3688 696 3754 which
707 3701 731 3755 is
746 3699 780 3755 of
796 3698 875 3756 itself
887 3699 1053 3774 obligatory,
1071 3702 1232 3775 proceeded
1245 3703 1324 3761 from
1338 3721 1359 3762 e

241 3790 398 3847 deliberate
408 3787 497 3843 mind.
541 3786 606 3842 And
618 3787 707 3841 henco
722 3789 744 3841 it
759 3787 866 3841 follows
883 3787 953 3851 thot,
965 3805 995 3842 os
1009 3789 1107 3844 Cicero
1122 3806 1195 3863 says,
1204 3797 1258 3847 not
1272 3797 1305 3847 to
1316 3793 1358 3848 do

240 3877 317 3934 wbut
327 3895 385 3953 you
399 3874 596 3945 intentionnlly
610 3890 699 3928 swcor
713 3874 737 3927 is
751 3877 874 3945 perjury.
920 3874 975 3930 See
989 3875 1106 3931 Homer.

295 3971 313 4021 2
335 3965 404 4021 This
419 3965 442 4018 is
461 3979 502 4028 so,
518 3961 586 4016 with
607 3959 656 4015 tho
678 3961 827 4032 exception
848 3960 880 4015 oi
897 3960 946 4015 tho
965 3977 1028 4016 cuso
1047 3962 1077 4016 in
1097 3961 1189 4018 which
1207 3980 1267 4035 you
1287 3963 1355 4023 who

240 4067 337 4116 eweor,
350 4051 433 4106 lrnow
448 4068 481 4106 or
495 4048 603 4104 believe
617 4048 680 4101 thot
694 4046 731 4102 ho
750 4046 920 4118 withwhom
933 4065 988 4118 ‚ron
1001 4048 1073 4104 horo
1085 4055 1115 4104 to
1131 4049 1168 4105 do
1183 4051 1266 4107 takes
1281 4068 1358 4124 your

240 4137 331 4195 words
343 4137 508 4194 otherwise:
527 4135 573 4191 for
590 4136 620 4189 in
635 4135 733 4204 taking
745 4133 810 4188 God
824 4141 854 4188 to
869 4136 981 4190 witness
993 4135 1036 4190 his
1052 4137 1151 4200 words,
1167 4136 1207 4192 ho
1218 4139 1311 4210 ought
1324 4146 1358 4196 to

239 4223 366 4300 perform
387 4225 467 4281 thern
487 4241 518 4279 ns
539 4223 575 4278 he
599 4238 733 4293 supposes
751 4221 830 4275 them
853 4226 884 4275 to
907 4221 943 4276 bo
963 4222 1145 4278 understood.
1191 4226 1231 4280 So
1252 4226 1358 4283 cicero

239 4312 382 4384 regulatus
402 4329 440 4368 un
460 4312 529 4368 ceth
547 4311 585 4382 by
603 4308 653 4366 the
669 4327 740 4363 ruem
754 4309 903 4377 deferentis,
924 4307 973 4363 tho
992 4309 1070 4362 mind
1091 4310 1125 4364 of
1142 4310 1191 4367 tho
1205 4329 1358 4387 proponer.

240 4399 355 4458 Tacitus
369 4390 471 4475 speaks
489 4399 523 4456 of
534 4415 601 4454 mon
614 4397 645 4452 in
662 4396 725 4452 seor
742 4394 883 4467 changiug
897 4394 948 4451 the
961 4394 1052 4451 words
1070 4397 1104 4451 of
1120 4397 1170 4454 the
1185 4399 1271 4457 cath:
1294 4401 1359 4457 Au,
