2828 4920
77 251 150 308 cn.
164 247 258 320 xva]
409 249 463 305 na
486 249 868 310 msanrnnsamosa.
1134 244 1196 314 171

79 445 151 489 cum
170 420 316 508 Philippo
339 417 550 485 Macedonum
571 441 660 510 roge,
679 420 764 508 quod
791 443 861 487 cum
883 421 1017 487 Perseus
1034 419 1101 510 ejus
1117 419 1199 489 filius
1296 459 1297 462 ¹

78 525 123 591 ad
139 546 174 589 se
191 522 349 611 pertinere
365 529 508 610 negaret,
526 521 643 588 bellum
660 543 697 588 eo
715 521 839 588 nomine
860 531 1004 590 exortum
1022 532 1078 591 est
1131 522 1197 590 Sed

79 635 114 691 et
129 625 192 722 ulia
208 624 315 699 verba,
334 629 368 687 et
388 620 458 708 ipsa
482 621 640 690 interdum
662 622 797 690 materia
822 623 1033 712 conjecturam
1050 623 1197 714 suppedi-

79 727 194 793 tabunt
210 746 274 790 non
290 721 536 810 improbabilem.

158 829 179 891 3
217 824 311 914 Quod
335 823 361 889 si
382 844 476 912 pares
495 823 607 891 sintin
623 832 792 912 utrumque
809 822 1007 912 conjectura,
1025 825 1194 914 supererit,

78 931 134 993 ⁶ut
151 924 337 992 favorabilia
362 925 531 991 credantur
554 947 622 990 esse
647 926 754 1004 realia,
773 925 881 994 odiosa
904 947 980 992 vcro
1005 928 1192 1014 personalia.

80 1028 210 1094 Federa
227 1026 312 1115 pacis
329 1047 422 1092 causa
437 1025 529 1104 facta,
550 1037 607 1092 aut
623 1026 887 1103 commerciorum,
905 1026 1090 1093 favorabilia
1106 1036 1190 1095 sunt.

80 1131 162 1209 Quae
184 1127 258 1195 belli
284 1149 386 1204 causa,
404 1149 467 1192 non
490 1127 598 1193 odiosa
623 1127 736 1204 omnia,
763 1137 799 1194 ut
819 1127 945 1214 quidam
970 1136 1109 1206 censent,
1136 1129 1193 1197 sed

78 1228 267 1325 ἐπιμαχίαι,
285 1228 318 1295 id
335 1238 393 1308 est,
409 1227 520 1294 federa
540 1227 649 1294 tuendi
672 1250 707 1294 se
728 1250 831 1306 causa,
850 1227 979 1317 propius
994 1229 1037 1295 ad
1051 1229 1194 1296 favorem

79 1329 444 1424 0010110111,ξυμμαχ1ω
468 1328 569 1418 magis
593 1329 636 1395 ad
658 1350 765 1396 onera.
817 1330 870 1395 Ad
887 1351 958 1416 quae
974 1329 1094 1398 accedit
1110 1331 1196 1417 quod

79 1432 113 1498 in
136 1432 246 1498 federe
270 1433 312 1498 ad
338 1432 454 1497 bellum
480 1429 621 1517 quodvis,
645 1429 845 1516 praesumitur
869 1430 951 1498 ratio
974 1431 1197 1521 1101111111οω-

80 1532 197 1611 dentiae
222 1541 257 1599 et
281 1531 407 1619 pietatis
433 1529 500 1617 ejus
523 1529 646 1617 quicum
671 1531 788 1620 agitur,
805 1540 842 1598 ut
867 1531 920 1618 qui
943 1554 1006 1598 non
1023 1531 1116 1600 modo
1132 1553 1198 1599 non

80 1633 205 1720 injuste,
225 1633 281 1699 sed
297 1654 355 1698 nec
372 1642 491 1698 temere
508 1632 624 1698 bellum
641 1642 842 1720 suscepturus
859 1632 1031 1701 videretur.

157 1738 180 1798 4
217 1733 311 1812 Quod
328 1754 405 1799 vero
432 1731 492 1797 dici
514 1733 605 1812 solet,
629 1732 794 1799 societates
817 1741 918 1799 morte
940 1733 1032 1814 finiri,
1050 1733 1113 1800 huc
1135 1754 1341 1848 ¹¹⁰¹¹ssffi¹l²

80 1835 212 1902 adfero:
238 1832 378 1922 pertinet
399 1832 483 1899 enim
509 1833 569 1898 hoc
589 1832 632 1899 ad
653 1833 818 1900 societates
835 1833 991 1924 privatas,
1008 1844 1042 1902 et
1053 1834 1135 1922 juris
1150 1844 1199 1901 est

81 1936 190 2004 civilis.
243 1936 324 2001 Jure
349 1955 427 2025 ergo
455 1954 497 1998 an
531 1933 646 2021 injuria
675 1933 872 2011 ‘Fidenates
901 1929 1030 2015 ‘Latini
1061 1935 1198 2014 Etrusci,

82 2037 192 2104 Sabini
218 2057 239 2103 a
265 2035 375 2102 federe
404 2033 602 2102 discesserint
631 2033 764 2100 mortuis
793 2033 938 2112 Romulo,
969 2035 1071 2116 Tullo,
1099 2037 1198 2115 Anco,

79 2228 163 2262 earnm
179 2228 223 2262 rer
242 2226 327 2260 manae
342 2209 464 2258 Armeniis
480 2208 615 2270 1111110101,
663 2210 750 2257 tiniam
762 2209 841 2272 pactis
853 2225 907 2259 cnm
923 2213 1051 2262 Saracenis
1065 2212 1120 2262 ride
1133 2213 1199 2276 apud

79 2290 167 2338 eoead
180 2304 247 2336 enam
262 2288 374 2334 ditionem
388 2285 617 2346 eeinteprocoeare
663 2285 827 2333 Menandrum
852 2288 1023 2336 Protectorem.
1051 2289 1124 2352 (Cap,
1151 2288 1199 2349 12.)

79 2368 105 2414 er'
122 2365 199 2412 nimia
210 2377 354 2425 properans,
368 2361 412 2409 aed
430 2361 516 2419 injuste
521 2376 533 2418 ,·
557 2375 615 2408 eau·
664 2362 738 2409 Adde
747 2376 802 2422 qum
813 2362 920 2410 Helvetii
927 2369 1199 2425 eausanturpoetmor-

79 2445 157 2492 rarrdo
167 2443 231 2504 qaod
241 2447 297 2503 poet
307 2439 410 2488 Joriani
425 2452 550 2494 excessum,
564 2452 616 2485 eam
664 2441 715 2484 tem
730 2437 830 2484 Henrici
843 2439 892 2486 111.
910 2440 975 2499 apud
992 2440 1122 2486 'fhaannm
1137 2440 1199 2487 libro

81 2519 357 2582 qnoseduefirmnoerat
367 2519 390 2560 et
397 2527 490 2574 pacem,
500 2511 615 2560 1111ιὶ101-
664 2527 749 2560 xcru.
760 2515 786 2560 in
796 2528 860 2561 anno
871 2513 957 2562 01010
968 2528 1084 2565 mxxxix.
1102 2516 1166 2564 Vide
1173 2525 1200 2564 et

80 2602 147 2643 stare
164 2594 254 2651 debeat,
271 2607 317 2654 qao
330 2590 407 2637 minue
419 2604 449 2636 ea
464 2595 617 2650 recuperaret
664 2591 784 2651 insignem
793 2591 872 2638 locum
882 2593 948 2653 apud
959 2591 1108 2640 camdenum
1119 2593 1144 2640 ln
1154 2607 1200 2640 en.

80 2686 132 2733 qna
154 2675 210 2716 ante
230 2667 265 2715 ad
283 2666 386 2725 majores
405 2679 461 2712 euos
472 2667 618 2726 pertinerere
664 2681 697 2712 no
708 2666 754 2714 clo
766 2667 794 2714 Io
805 2679 893 2714 nxxn.
904 2667 946 2713 nbi
961 2666 1083 2715 desedere
1097 2668 1199 2730 antiqm

80 2745 238 2796 monstrabat.
257 2744 333 2808 (cap.
345 2741 385 2804 4.)
399 2741 493 2789 Similia
507 2741 538 2789 de
555 2739 616 2790 Jus-
667 2743 795 2791 Galloram
806 2757 861 2791 enm
874 2744 962 2793 Sectis.

80 2996 187 3068 Philip,
202 2994 302 3061 which,
321 2995 404 3053 when
419 2996 541 3053 Perseus
555 2997 599 3053 his
613 3013 666 3052 son
685 2997 799 3054 refused
818 3004 848 3053 to
866 2996 1067 3071 aeknowledge
1087 3015 1118 3054 ae
1132 3015 1199 3073 per·

80 3084 192 3155 tainiug
205 3087 236 3138 10
250 3083 320 3149 him,
334 3101 392 3139 var
405 3101 487 3140 arose
502 3100 540 3140 011
554 3084 619 3140 that
632 3085 754 3156 ground.
788 3086 847 3140 But
859 3085 942 3140 other
955 3085 1048 3141 morde
1061 3086 1130 3154 also,
1141 3085 1199 3142 and

80 3170 132 3226 the
150 3176 256 3227 matter
272 3171 358 3236 itself,
379 3171 541 3228 sometimes
556 3172 660 3246 supply
674 3171 811 3244 probable
829 3173 992 3244 conjecture
1006 3188 1045 3228 on
1059 3173 1117 3230 this
1131 3173 1198 3230 sub-

76 3258 148 3328 ject.

135 3350 152 3400 3
174 3343 206 3399 11
217 3345 299 3400 there
312 3346 351 3402 be
369 3347 453 3417 oqual
472 3347 648 3417 conjectures
664 3344 734 3400 ench
750 3363 812 3418 vray
831 3344 891 3413 (for
909 3362 928 3401 a
948 3345 1010 3401 real
1026 3344 1084 3399 und
1102 3361 1121 3400 a
1134 3361 1199 3417 per·

80 3431 163 3485 101101
183 3431 271 3502 poet),
289 3432 339 3486 the
357 3433 446 3487 result
466 3439 542 3487 must
557 3433 593 3487 bc
608 3431 672 3488 that
688 3432 854 3488 fureurable
871 3438 951 3505 pects
971 3448 1020 3488 aro
1041 3438 1072 3485 to
1093 3431 1130 3488 he
1149 3431 1199 3488 he-

80 3517 174 3572 1101011
192 3517 261 3582 real,
279 3518 379 3572 odious
401 3535 478 3583 ones,
497 3519 638 3591 personal.
686 3520 813 3576 Treaties
833 3521 867 3575 of
881 3535 970 3592 peace
988 3535 1021 3575 or
1040 3534 1200 3576 commarca

80 3621 131 3659 aro
145 3604 329 3660 favourablo:
353 3604 435 3660 those
453 3607 536 3661 made
555 3606 622 3661 111111
644 3624 663 3662 0
683 3608 754 3662 vion
774 3614 805 3662 to
827 3625 893 3672 war,
913 3614 964 3661 not
985 3605 1023 3661 all
1043 3605 1150 3671 odiens,
1167 3623 1199 3663 aa

80 3708 161 3746 some
182 3691 273 3756 think,
297 3693 375 3748 since
398 3693 563 3764 epimaclriea
585 3702 787 3766 engagemeuts
806 3695 840 3749 of
858 3700 978 3765 support
1000 3692 1031 3745 in
1054 3691 1199 3749 defensire

80 3795 148 3844 war,
160 3795 210 3834 are
225 3796 327 3834 nearer
340 3786 371 3835 10
385 3779 494 3844 favour,
506 3783 688 3850 spartanaeltiee,
703 3787 905 3852 ongagcmcuta
918 3786 948 3834 10
964 3796 1021 3832 mar
1032 3779 1062 3833 in
1074 3779 1199 3850 general,

80 3882 184 3920 nearcr
198 3872 230 3922 10
244 3866 393 3922 burthona.
439 3867 504 3920 Add
519 3874 550 3921 to
565 3866 665 3932 which,
680 3866 744 3922 that
760 3869 789 3920 iu
804 3884 823 3921 a
837 3874 931 3938 trenty
955 3865 1071 3937 looking
1091 3871 1122 3921 to
1141 3882 1199 3938 any

80 3969 149 4017 war,
163 3954 187 4008 ic
203 3955 226 4008 is
241 3953 394 4025 presumod
414 3954 478 4020 thot
492 3961 614 4009 account
634 3954 658 4008 is
676 3953 734 4008 had
756 3953 790 4008 of
805 3953 855 4008 the
877 3953 1023 4027 prudenee
1040 3951 1097 4007 and
1119 3954 1198 4025 piety

81 4038 117 4093 of
136 4038 186 4094 the
207 4057 312 4111 person
334 4042 446 4096 treated
469 4041 545 4106 with,
567 4057 598 4096 as
620 4057 675 4095 one
698 4039 760 4096 who
783 4042 838 4096 vrill
857 4049 909 4098 not
931 4038 1089 4096 undertake
1109 4055 1200 4095 avar

81 4126 219 4197 unjustly,
233 4144 287 4181 nor
301 4144 373 4183 even
387 4128 491 4200 rashly.

140 4219 158 4266 4
188 4213 249 4268 The
264 4215 378 4278 araxim,
390 4215 454 4269 that
466 4213 660 4287 pertnerships
675 4232 724 4271 are
737 4215 888 4288 separated
899 4214 939 4286 by
951 4213 1049 4280 death,
1064 4213 1080 4270 1
1094 4213 1132 4270 do
1145 4220 1198 4271 1101

80 4298 153 4354 here
165 4299 290 4355 adduce:
306 4302 353 4356 for
362 4301 425 4356 that
436 4302 555 4373 belongs
571 4310 600 4357 10
615 4304 725 4375 privato
736 4302 939 4374 pertnerships,
953 4301 1010 4356 aud
1023 4303 1046 4356 is
1061 4319 1079 4356 a
1094 4301 1199 4358 araxim

81 4385 116 4441 of
138 4387 210 4442 Ciril
230 4387 306 4443 hav.
352 4387 492 4444 Whether
512 4391 561 4444 the
585 4390 747 4453 fidenates,
768 4389 877 4454 Latius,
891 4390 1054 4454 Etruscam,
1071 4388 1200 4457 Sabinee,

80 4490 158 4531 were
178 4473 256 4548 right
279 4493 314 4532 01
335 4493 433 4549 wrong
452 4477 483 4532 iu
503 4477 679 4551 renounciug
698 4477 774 4534 their
795 4477 896 4550 league
912 4475 982 4533 avith
1001 4477 1051 4534 1110
1072 4477 1200 4534 Romane
