2828 4920
74 281 149 338 Car.
164 281 246 351 XX.]
528 285 581 340 DE
603 284 742 339 POENIS.
1133 279 1195 342 311

160 450 183 513 4
217 450 261 516 Ει
280 456 411 516 eatenus
431 450 618 517 sententiam
635 448 795 538 sequimur
815 450 998 531 innocentii,
1017 457 1050 519 et
1065 451 1196 519 alierum
1209 457 1363 556 ggffip„

82 549 140 638 qui
162 550 244 617 belle
265 551 355 616 aiunt
378 550 444 638 peti
469 574 559 638 pesse
585 574 639 617 ees
664 550 739 639 ‘'qni
763 551 797 617 in
821 560 968 619 naturam
993 553 1197 641 delinquunt:
1210 553 1359 650 ttgsslffl

81 661 195 718 centra
211 672 305 737 quam
318 651 457 718 sentiunt
474 651 623 729 Victoria,
641 651 809 740 Vasquius,
827 653 968 731 riseritis,
987 655 1115 733 Melina,
1132 656 1195 734 alii,
1210 645 1341 779 ¹³3⁹}pftl

81 752 139 838 qui
160 751 201 816 ad
219 750 374 837 justitiam
392 751 466 818 belli
487 753 650 840 requirere
674 753 832 830 videntur,
856 764 892 820 ut
915 754 969 841 qui
992 756 1120 844 suscipit
1140 767 1196 824 aut
1209 739 1361 869 {dnm

80 851 177 918 lasus
198 849 288 917 sitin
306 874 340 918 se
362 861 418 918 aut
434 853 594 939 republica
610 875 676 930 sua,
695 863 751 920 aut
767 863 804 920 ut
825 853 858 919 in
875 877 946 921 eum
963 856 1017 942 qui
1034 856 1116 923 belle
1139 857 1195 923 im·
1209 833 1347 968 &bizim

81 952 202 1042 petitur
220 952 469 1041 jurisdictionem
489 953 614 1021 habeat.
659 955 786 1020 Ponant
809 954 891 1021 enim
908 955 953 1020 illi
971 954 1120 1042 puniendi
1139 980 1196 1047 pe-
1207 929 1280 1017 ιμ’
1309 929 1324 968 ²

80 1061 230 1120 testatem
251 1077 319 1120 esse
335 1054 480 1121 effectum
497 1054 659 1143 preprium
678 1054 902 1142 jurisdictionis
918 1055 1025 1135 civilis,
1047 1079 1117 1124 cum
1138 1081 1197 1149 nes

80 1176 153 1221 eam
170 1155 339 1222 sentiamus
352 1154 461 1221 venire
477 1155 572 1222 etiam
589 1178 630 1222 ex
641 1154 715 1243 jure
732 1155 878 1238 naturali,
895 1157 1011 1244 quade
1027 1179 1064 1224 re
1078 1156 1197 1246 aliquid

81 1255 217 1322 diximus
234 1255 306 1323 libri
322 1256 416 1343 primi
433 1254 530 1322 initio.
573 1257 619 1323 Et
635 1279 711 1323 sane
728 1257 755 1322 si
772 1257 895 1323 illerum
913 1279 933 1324 a
949 1257 1062 1346 quibus
1078 1258 1197 1326 dissen-

79 1355 177 1424 timus
193 1357 379 1424 admittatur
400 1356 565 1434 sententia,
578 1357 646 1444 jam
662 1357 761 1424 hostis
777 1357 811 1423 in
833 1358 955 1424 hostem
978 1358 1128 1446 puniendi
1142 1359 1196 1446 jus

79 1478 145 1523 non
160 1457 298 1539 habebit,
321 1457 415 1524 etiam
432 1465 504 1545 post
515 1456 602 1544 juste
621 1460 814 1547 ¹susceptum
831 1459 946 1525 bellum
963 1481 1004 1525 ex
1021 1481 1116 1526 causa
1132 1482 1196 1527 non

78 1558 244 1648 punitiva:
269 1559 353 1645 quod
370 1567 477 1625 tamen
493 1557 546 1645 jus
561 1558 704 1647 plerique
720 1560 895 1625 concedunt
917 1567 951 1626 et
967 1582 1042 1626 usus
1057 1560 1195 1626 emnium

77 1659 223 1750 gentium
239 1659 412 1738 confirmat,
434 1681 498 1724 nen
520 1668 644 1725 tantum
666 1668 830 1749 postquam
848 1659 1039 1727 debellatum
1061 1669 1121 1742 est,
1138 1660 1196 1729 sed

76 1835 186 1882 &turno
196 1835 326 1882 efferrent:
340 1848 424 1883 verum
434 1833 523 1882 ibidem
533 1835 613 1892 decet,
662 1834 747 1880 donem
758 1832 843 1881 Salate
856 1833 912 1882 Lib.
923 1847 952 1882 ιι.
963 1849 1018 1897 esp.
1027 1836 1051 1884 4.

75 1926 171 1960 morem
191 1911 260 1958 illum
280 1911 438 1958 inhnmanum
463 1915 488 1959 et
507 1911 612 1958 ferinum
709 1909 789 1956 ιΝοιι
808 1909 878 1969 potui
893 1923 909 1955 a
925 1923 964 1956 me
980 1910 1119 1974 impetrare,
1135 1913 1196 1975 qnia

74 2003 177 2037 manere
186 1990 265 2036 adhuc
274 2003 319 2036 sna
328 1993 401 2036 aetate
410 1988 475 2049 apud
485 1988 578 2045 Gallos,
587 1991 613 2034 et
662 1985 775 2032 adderem
790 1985 844 2033 heio
860 1998 944 2032 vocem
961 1986 1029 2033 illam
1038 1986 1112 2047 jaste,
1131 2004 1195 2052 qun,

74 2067 140 2114 alies
156 2065 264 2126 Populos
279 2065 427 2113 Occidentis.
438 2065 525 2126 Antip.
539 2064 611 2111 Rom.
662 2074 809 2122 quamquam
823 2059 848 2106 in
863 2059 974 2107 omnibus
985 2061 1047 2110 Edd.
1058 2063 1128 2123 desit,
1143 2079 1197 2112 em.

74 2143 134 2191 Lib.
147 2155 164 2189 ι.
182 2156 236 2202 cap.
246 2143 282 2189 38.
313 2141 377 2188 Vide
392 2145 418 2187 et
434 2138 539 2187 laurum
554 2139 612 2186 ΟΕ.
661 2137 719 2182 nine
731 2136 847 2182 excidisse
858 2136 917 2182 mihi
933 2137 1035 2195 videtur,
1051 2151 1102 2185 nen
1114 2140 1195 2189 minus

72 2230 175 2273 sanast,
193 2216 320 2265 Commeat.
336 2215 378 2262 Dc
390 2215 454 2263 Bell.
472 2214 541 2262 Gall.
557 2214 612 2261 Lib.
662 2226 735 2272 qnam
748 2212 781 2258 τό
791 2211 877 2270 injuste
888 2213 990 2259 vidimus
1001 2228 1082 2275 supra,
1092 2230 1146 2278 esp.
1157 2220 1195 2268 12.

72 2306 117 2342 vr.
135 2307 189 2354 cap.
206 2292 244 2340 16.
282 2291 451 2349 Croaaenuu,
476 2289 546 2337 Orat.
561 2304 611 2350 pre

71 2370 186 2426 Fonteio,
197 2383 251 2430 esp.
263 2370 300 2416 10.
330 2365 415 2429 J.B.]

122 2446 133 2477 ⁸
148 2443 319 2494 Voluitdieere
325 2445 427 2501 Auctor,
433 2441 611 2505 DionysieHa·

71 2520 252 2571 licamasscnsi.
288 2521 319 2567 Iu
334 2533 384 2580 quo
401 2524 483 2565 tamen
498 2531 554 2565 eum
569 2533 610 2566 sx-

72 2598 135 2645 irnie
152 2597 276 2644 Historiae
296 2608 424 2656 perperam
444 2593 609 2642 testimenium

73 2671 228 2731 denuntiare,
245 2675 313 2732 patet
330 2684 361 2717 ex
377 2669 414 2728 iis,
430 2683 484 2729 quas
495 2667 561 2716 Nota
570 2667 609 2730 ip·

72 2749 125 2796 sins
136 2746 251 2795 Auctoris
260 2745 415 2806 sanecimus.
443 2744 471 2791 J.
480 2743 514 2790 B.

121 2822 132 2852 ⁹
147 2824 226 2870 Immo
241 2822 267 2867 in
276 2821 411 2876 Barbaros,
427 2832 488 2878 ques
504 2832 549 2878 pre
564 2832 609 2864 aa·

662 2286 677 2348 5
688 2289 724 2334 10.
749 2286 863 2332 Postulat
872 2288 1064 2336 additamentum
1075 2293 1195 2352 particula

661 2362 748 2408 etiam:
768 2375 799 2407 ex
812 2366 912 2422 recepta
929 2361 993 2409 enim
1010 2364 1127 2413 hacteuus
1142 2367 1195 2416 lec·

659 2437 727 2484 tiens
738 2441 889 2502 sequeretur,
900 2439 1032 2487 secundam
1043 2441 1194 2504 dissidentes,

659 2513 751 2559 bellurn
763 2512 854 2573 suscipi
862 2527 933 2573 possa
945 2518 971 2561 st
980 2529 1009 2561 ea
1021 2530 1109 2565 causa
1117 2521 1194 2580 pani-

658 2588 718 2646 tiea,
734 2593 759 2635 et
775 2603 804 2635 es
820 2602 908 2635 caussa
924 2604 971 2636 aen
982 2593 1109 2652 panitiae:
1127 2596 1194 2657 qaod

658 2664 756 2710 falsum.
786 2663 883 2711 Deinde
899 2666 977 2726 maJer
989 2673 1053 2715 esset
1066 2670 1193 2719 dubitandi

658 2739 730 2797 ratio,
755 2753 787 2785 an
809 2744 867 2800 pest
889 2741 980 2788 bellum
1000 2750 1140 2807 susceptum
1162 2761 1194 2795 ex

659 2828 743 2861 caussa
757 2828 806 2860 nen
824 2816 934 2876 punitiva
954 2818 1031 2866 hostis
1050 2820 1076 2866 in
1096 2822 1192 2870 hostem

72 2906 132 2948 tara
143 2899 248 2946 testibus
257 2898 380 2943 habebant
392 2894 481 2942 Graeci.
512 2893 608 2953 Inspice
657 2891 774 2951 puniendi
780 2891 822 2952 jus
832 2892 929 2950 habeat,
944 2908 1016 2954 quam
1029 2902 1086 2957 post
1101 2899 1192 2948 beilum

72 2953 155 3025 leculn
173 2990 198 3036 p.
208 2975 253 3023 267
269 2987 297 3026 a.
317 2972 367 3019 Ed.
375 2971 410 3018 H.
421 2970 503 3030 Steplt.
534 2969 564 3016 J.
573 2970 608 3017 B.
656 2973 796 3029 susceptum
807 2983 838 3016 ex
847 2983 932 3016 caussa
941 2971 1064 3032 punitiva:
1075 2976 1143 3035 cajus
1153 2981 1193 3023 ts-

121 3058 133 3094 ι
148 3049 197 3110 Qui
208 3049 235 3096 in
251 3053 365 3095 naturam
377 3042 525 3106 delinquunt]
544 3043 608 3090 vide
657 3057 713 3090 men
723 3045 871 3090 centrarium
880 3047 997 3106 supponit
1006 3049 1152 3110 iiludctiam,
1162 3055 1192 3100 ut

73 3124 212 3188 Josepnum
222 3128 339 3174 Acestam
349 3121 380 3169 da
388 3119 552 3169 Procuranda
563 3120 608 3166 Ia·
657 3120 735 3181 quivis
742 3119 816 3169 videt.
837 3121 1034 3173 Debuissettunc
1041 3125 1089 3175 dici
1097 3129 1190 3192 salum,

72 3377 138 3434 who
164 3394 215 3450 say
243 3375 307 3432 that
332 3393 390 3432 war
414 3392 481 3447 may
505 3374 543 3430 be
568 3373 652 3430 made
677 3375 788 3446 against
811 3375 893 3430 these
920 3375 984 3432 whe
1008 3377 1052 3432 sin
1077 3378 1188 3450 against

72 3472 193 3530 nature:
216 3470 350 3535 contrary
368 3468 400 3518 te
422 3461 472 3517 the
490 3467 583 3518 tenete
606 3462 640 3516 ef
659 3462 795 3527 Victoria,
813 3462 962 3533 Vasquius,
978 3462 1105 3528 Azorius,
1123 3465 1187 3521 Me·

71 3554 140 3616 lina,
162 3551 218 3606 and
241 3549 353 3615 others:
371 3548 433 3603 who
456 3565 533 3604 seem
555 3554 586 3604 to
604 3549 726 3620 require,
753 3550 783 3602 in
800 3548 885 3604 order
906 3553 938 3603 te
959 3549 1062 3622 justify
1083 3567 1102 3605 a
1122 3568 1189 3619 war,

71 3639 137 3695 thet
153 3638 192 3703 he
206 3637 269 3692 whe
287 3636 459 3693 undertakes
476 3637 500 3690 it
517 3634 620 3691 should
637 3636 674 3691 be
692 3635 786 3691 either
802 3634 914 3706 iujured
931 3635 961 3689 iu
978 3635 1023 3692 his
1041 3653 1104 3692 own
1121 3655 1188 3713 per·

71 3743 134 3791 son,
151 3742 185 3782 er
203 3725 233 3780 in
250 3724 301 3781 the
319 3729 440 3794 country
454 3728 484 3776 to
499 3720 591 3776 which
608 3721 646 3776 he
664 3722 790 3793 belongs,
808 3738 842 3778 or
859 3721 922 3777 that
940 3720 977 3778 he
995 3723 1097 3778 should
1113 3724 1187 3784 have

67 3813 251 3887 jurisdiction
274 3828 343 3867 ever
365 3809 426 3864 him
446 3808 539 3862 whom
560 3806 596 3862 he
616 3808 735 3862 attacks.
781 3809 839 3862 For
864 3808 933 3881 they
957 3808 1026 3864 hold
1048 3809 1112 3865 that
1135 3812 1185 3868 the

70 3917 169 3976 power
186 3900 220 3955 ef
234 3898 388 3972 punishing
408 3896 432 3951 is
450 3895 500 3950 the
519 3911 624 3966 proper
639 3895 723 3949 effect
738 3893 772 3949 of
789 3894 861 3950 civil
882 3895 1084 3962 Jurisdiction;
1101 3896 1185 3954 while

67 4002 116 4042 wc
132 3987 264 4042 conceive
279 3985 344 4041 that
358 3985 382 4040 it
399 4000 493 4040 comes
504 3983 564 4036 also
584 3981 658 4036 trem
669 3982 792 4036 Natural
802 3983 878 4037 Law.
914 3982 945 4037 If
960 3981 1009 4038 the
1025 3983 1188 4055 opiniones

70 4072 154 4130 those
171 4073 247 4127 from
269 4071 362 4126 whom
381 4087 421 4125 we
443 4070 550 4124 dissent
569 4067 605 4122 be
625 4068 773 4133 admitted,
790 4086 829 4123 an
848 4086 951 4141 enemy
969 4069 1025 4123 will
1041 4075 1093 4124 net
1111 4068 1185 4128 have

70 4160 123 4217 the
140 4175 235 4231 power
253 4159 287 4212 ef
305 4156 458 4230 punislring
478 4174 515 4211 au
535 4172 646 4226 enemy,
667 4171 738 4210 eren
756 4155 831 4210 after
851 4173 909 4210 war
928 4155 979 4209 has
999 4154 1073 4209 been
1093 4156 1184 4231 justly

70 4247 175 4318 began,
191 4246 217 4300 if
231 4245 255 4300 it
272 4245 309 4300 be
330 4245 375 4298 fer
386 4243 508 4299 another
526 4259 609 4298 cause
628 4241 698 4295 thau
716 4249 747 4295 te
765 4243 854 4296 inilict
869 4241 1068 4313 punishment:
1091 4242 1184 4300 which

70 4333 156 4406 right,
174 4333 312 4398 however,
332 4338 407 4386 most
424 4330 541 4386 authors
561 4328 695 4394 concede,
716 4328 774 4382 aad
796 4327 846 4383 the
866 4344 952 4399 usage
968 4328 1001 4382 of
1014 4328 1054 4383 all
1070 4331 1183 4389 natiens

69 4421 212 4485 confirma,
228 4426 279 4474 not
298 4419 365 4492 only
382 4420 457 4474 after
476 4417 526 4474 the
549 4434 607 4472 war
626 4415 769 4471 hasbeen
790 4414 919 4480 tinished,
941 4414 994 4470 but
1011 4431 1083 4472 even
1099 4416 1184 4476 while

68 4509 136 4566 itis
158 4509 245 4581 going
261 4523 317 4574 en:
339 4506 396 4562 and
416 4505 474 4562 this
489 4505 609 4580 rightis
631 4502 760 4570 claimed,
781 4508 833 4559 net
853 4502 928 4558 from
948 4519 1005 4578 any
1022 4503 1087 4562 civil
1096 4503 1182 4581 juris·
