2828 4920
46 274 125 333 (Β
142 286 333 356 arruns]
523 291 576 347 oa
598 290 894 349 Junmunnnno
1225 281 1269 350 97

48 444 315 525 dietmare
333 476 392 522 nec
408 454 535 523 aliunde
552 457 691 524 arbitrer
705 456 846 525 Orientis
861 456 993 546 populos
1010 456 1129 524 ⁶dietos
1146 456 1268 525 Graecis

52 575 120 615 κ·
136 552 348 652 aphricum,
369 577 441 644 quae
464 579 527 624 vox
552 559 638 646 apud
663 559 854 647 AEschylum
876 567 909 624 et
931 557 1115 646 Euripidem
1141 567 1266 626 exstat:

54 657 301 752 ’ςερβᾶνα
331 649 356 725 l
381 650 490 735 adicio,
521 659 607 747 apud
634 659 768 725 eundem
797 657 997 745 AEschylum.
1051 657 1135 724 Huic
1164 658 1267 726 errori

56 750 233 825 dioto
249 757 319 824 loco
338 756 483 824 Christus
501 758 644 826 occurrit.
694 757 889 825 Christianos
909 767 1032 824 veteres
1050 758 1267 826 Tertullianus
1278 786 1392 837 epum
1413 803 1414 806 =

51 845 105 933 j
125 877 271 924 ncesse
293 857 340 924 ait
356 879 414 945 por
436 859 568 926 salutem
586 857 735 947 principis
756 857 899 924 omnibus
921 858 1021 947 geniis
1041 858 1265 947 augustiorem.

65 955 246 1046 Apud
265 957 436 1048 Vegetium
455 959 591 1025 formula
614 967 672 1036 est,
692 959 780 1045 cujus
801 966 834 1023 et
854 979 952 1046 supra
974 958 1179 1036 meminimus,
1203 981 1266 1047 qua
1279 983 1383 1026 unua

79 1053 323 1126 Christiani
345 1058 459 1148 milites
479 1059 591 1148 jurant
612 1080 674 1125 nou
700 1080 759 1146 per
780 1058 884 1124 Deum
911 1066 1044 1136 tantum,
1071 1057 1128 1124 sed
1153 1066 1187 1126 et
1207 1081 1267 1148 per

82 1159 346 1247 najestatem
363 1159 578 1247 Imperatoris,
596 1179 669 1246 quae
690 1157 861 1225 secuudum
880 1157 986 1225 Deum
1003 1159 1140 1225 humano
1154 1160 1267 1250 generi

95 1255 312 1350 diligenda
329 1267 378 1327 est
394 1269 428 1326 et
444 1259 582 1327 colenda

226 1360 303 1428 XII.
358 1359 423 1426 Sed
445 1370 478 1427 et
494 1361 539 1426 esi
559 1360 629 1448 quis
651 1381 711 1450 per
735 1359 831 1427 falsos
852 1360 938 1426 Deos
956 1359 1123 1448 juraverit,
1145 1360 1266 1453 obliga·

105 1451 255 1528 bitur:
279 1459 354 1548 qnia
374 1482 553 1548 quanquam
578 1461 637 1527 sub
661 1460 747 1527 falsis
776 1461 858 1527 notis
884 1461 1026 1550 generali
1051 1471 1158 1528 temen
1182 1483 1265 1528 com·
1306 1488 1308 1492 ·

112 1559 295 1648 plexione
318 1582 434 1626 numen
455 1560 617 1627 intuetur:
641 1559 776 1647 ideoque
801 1562 889 1626 Deus
912 1583 1015 1638 verus,
1042 1560 1068 1626 si
1089 1561 1266 1647 pejeratum

125 1658 203 1740 eit,
228 1659 263 1726 in
292 1682 382 1726 suam
411 1659 557 1748 injuriam
583 1660 617 1726 id
643 1661 761 1727 sectum
787 1661 1024 1748 interpretatur.
1071 1661 1116 1726 Et
1142 1668 1267 1728 sanctos

129 1758 237 1826 wiros
252 1758 394 1827 ridemus
410 1781 473 1825 non
491 1760 639 1826 detulisse
656 1761 781 1848 quidem
803 1782 939 1847 unquam
957 1760 1015 1826 sub
1032 1781 1071 1826 ea
1086 1759 1189 1827 forma
1198 1759 1267 1847 jus·

121 1855 328 1941 jurandum,
346 1860 445 1925 multo
463 1858 565 1925 miuus
581 1859 626 1926 ita
638 1860 772 1948 jurasse,
794 1861 879 1948 quod
896 1882 916 1926 a
932 1861 1084 1926 Duoreno
1107 1857 1120 1905 ⁷
1125 1859 1267 1948 permitti

141 1958 268 2038 luiror3
285 1958 342 2026 sed
357 1966 464 2033 tamen
481 1958 508 2025 si
525 1960 706 2046 quibuscum
722 1961 884 2050 negotium
901 1968 971 2026 erat
987 1959 1101 2025 adduci
1117 1981 1180 2026 uon
1196 1981 1267 2047 pos·

144 2067 230 2138 nent,
251 2068 288 2127 ut
308 2058 402 2126 aliter
419 2057 576 2146 jurarent,
601 2060 794 2126 contraxisse
815 2083 884 2126 cum
904 2059 960 2134 eis,
980 2059 1064 2146 ipsos
1080 2059 1207 2146 quidem
1230 2069 1266 2127 ut

151 2159 318 2248 oportebat
342 2159 499 2249 jurantes,
533 2158 575 2226 ab
604 2158 667 2226 illis
695 2169 802 2227 autem
831 2160 1047 2250 juramentum
1077 2159 1267 2249 accipientes

154 2337 340 2399 plroacmdieo.
360 2338 432 2388 ΛΒ.
780 2339 862 2407 'iton
880 2340 905 2386 id
926 2339 1048 2399 permittit
1064 2337 1201 2396 Duarenue,
1222 2339 1267 2387 sed
1318 2373 1324 2380 .

196 2423 207 2449 θ
221 2407 250 2463 St
264 2415 320 2477 quie
329 2430 377 2476 per
382 2415 466 2476 faleor
480 2413 683 2472 Deosjuraoerit,
735 2418 831 2462 tantum
842 2416 930 2462 deferri
938 2416 1104 2476 juramentum
1114 2414 1157 2472 illi,
1167 2413 1210 2474 qui
1222 2426 1268 2475 per

160 2487 307 2550 abdicabitur]
327 2488 402 2535 Liber
412 2487 542 2548 Sapientiae
557 2501 578 2534 c.
593 2488 643 2536 xiv.
653 2489 682 2534 οὑ
735 2491 910 2546 Mahumetem,
927 2504 983 2552 eg.
994 2489 1121 2551 juraturus
1136 2493 1182 2536 est.
1202 2489 1267 2538 Vide

160 2561 204 2622 prio
216 2561 232 2620 ri
246 2566 300 2611 τῶν
314 2561 457 2623 duranium
472 2563 580 2622 δύναμιν,
594 2561 682 2618 ἀλλ’ἢ
735 2565 831 2614 Jctnm
844 2566 921 2623 illum,
932 2565 1015 2612 Tract.
1026 2564 1106 2625 priore
1116 2566 1147 2611 ad
1160 2563 1211 2612 Tit
1225 2563 1267 2612 De

160 2640 203 2686 τῶν
219 2637 419 2700 ἁμαρτανόντων
438 2637 494 2692 δίκη
507 2636 683 2699 ’ἐπεξέρχεται
727 2641 957 2702 ,Ῐννήνναννάομμ
967 2640 999 2687 xi.
1014 2641 1086 2688 Tom.
1099 2654 1118 2689 1.
1134 2641 1201 2702 Opp.
1214 2639 1267 2688 Ed.

159 2711 409 2768 ἄιὶτιὶντόνᾰόίκων
419 2711 577 2770 παράβασιν.
609 2711 682 2767 Quod
734 2716 814 2776 Luqd.
835 2716 902 2764 1579.
918 2729 943 2775 p.
961 2716 1013 2762 235.
1033 2720 1058 2762 et
1075 2714 1158 2763 Τῆνον.
1179 2714 1267 2774 altero,

158 2785 267 2836 itavertit
276 2788 395 2836 Latinus:
409 2785 467 2834 Non
478 2785 682 2844 sainjau-oronam
734 2805 787 2851 cap.
800 2793 823 2836 4.
829 2803 886 2850 pag.
896 2789 921 2835 ii.
934 2789 1004 2836 Tem.
1015 2803 1045 2836 11.
1074 2790 1147 2838 Adde
1157 2804 1212 2852 quer
1221 2804 1267 2838 no·

159 2862 234 2921 ννννω,
248 2863 293 2910 ced
307 2863 458 2923 procamium
469 2875 543 2923 pirna
552 2863 682 2922 percontu-
733 2867 837 2912 terimus
849 2865 874 2910 in
888 2865 1110 2925 sepiuslnndatum
1121 2865 1267 2927 Capntl’u·
1298 2921 1305 2933 ,

159 2937 189 2984 lat
200 2952 290 3000 seraper
303 2937 681 3000 nemorumnemorum,
734 2938 937 2996 rexnonruffle
946 2938 1009 2986 Jnre
1018 2938 1080 2987 Not.
1095 2945 1119 2987 et
1134 2940 1204 2990 Gent.
1216 2939 1265 3003 5⁴.

159 3013 225 3072 (vera
233 3013 296 3076 ult.)
734 3014 793 3062 Not.
803 3017 827 3063 2.
835 3013 902 3062 Edit.
913 3015 1032 3064 monada.
1063 3014 1135 3064 ΛΒ.

159 3266 208 3324 ann
217 3268 401 3342 Euripides*.
440 3269 536 3324 Christ
550 3269 658 3325 refutes
670 3267 727 3323 this
739 3284 827 3324 orror.

202 3355 360 3411 Tertulliau
375 3371 439 3427 says
453 3355 517 3409 that
531 3354 581 3409 the
595 3356 710 3410 ancient
723 3354 879 3409 Christians
893 3370 982 3409 swore
995 3353 1035 3426 by
1053 3354 1104 3410 the
1119 3355 1220 3429 Salety
1234 3355 1268 3412 of

159 3436 201 3494 tho
211 3441 326 3496 Princo.
359 3441 395 3495 In
407 3441 552 3512 vegetius,
563 3457 594 3495 as
606 3441 697 3496 abore
711 3442 812 3506 stated,
827 3441 877 3496 the
891 3440 1015 3495 normula
1028 3441 1061 3505 is,
1075 3441 1120 3513 By
1131 3442 1196 3498 God
1208 3442 1272 3498 aud.

157 3521 331 3600 hehlnjesty
342 3526 375 3582 of
386 3526 436 3582 the
451 3528 598 3599 Emperor,
611 3527 711 3594 which,
725 3527 881 3594 afterGod,
896 3527 920 3583 is
934 3533 965 3583 νο
977 3527 1014 3582 be
1026 3528 1196 3584 reverenced
1208 3528 1266 3585 and

156 3607 298 3668 honoured
313 3613 352 3685 by
365 3629 442 3668 men.

202 3699 273 3756 XII.
311 3699 463 3755 Morcorer
480 3698 517 3754 he
531 3700 593 3756 who
608 3718 710 3759 swcnrs
724 3702 764 3776 by
778 3702 851 3758 false
870 3703 941 3775 gods
959 3703 982 3757 is
1000 3699 1113 3766 bound;
1135 3701 1267 3771 because,
1287 3694 1297 3742 l

155 3781 258 3859 though
269 3785 363 3842 under
373 3786 446 3841 false
459 3787 581 3852 notione,
596 3787 633 3844 he
648 3790 737 3844 refers
752 3797 783 3845 to
799 3788 848 3845 the
863 3788 978 3862 general
991 3788 1055 3842 idco
1066 3786 1100 3841 of
1109 3702 1297 3851 Godheadcll

155 3873 206 3928 md
217 3872 363 3929 therefore
381 3873 432 3928 thc
452 3880 516 3928 truc
538 3873 602 3928 God
622 3874 679 3928 will
696 3877 837 3948 interpret
852 3877 917 3932 itas
930 3893 948 3930 a
959 3891 1056 3946 wrong
1067 3880 1097 3928 to
1110 3873 1227 3929 himself
1242 3873 1269 3929 it

154 3961 264 4033 perjury
278 3961 316 4017 be
327 3959 502 4016 committed.
542 3959 595 4015 We
610 3961 647 4015 do
660 3969 711 4016 not
725 3963 785 4016 find
801 3962 864 4018 that
878 3963 946 4035 hely
962 3978 1028 4017 mon
1043 3977 1110 4017 ever
1123 3959 1266 4032 proposed

154 4059 186 4100 an
199 4046 269 4103 cath
279 4047 311 4103 in
323 4047 387 4105 that
399 4064 468 4120 way,
481 4045 566 4101 much
579 4046 633 4101 less
648 4046 713 4101 that
727 4048 796 4120 thoy
815 4065 903 4103 swore
918 4048 987 4104 such
1003 4065 1040 4102 an
1055 4046 1132 4111 ooth,
1143 4046 1235 4101 which
1249 4045 1266 4102 1

154 4132 265 4190 render
279 4134 344 4192 that
356 4135 509 4192 Duarenus
524 4133 676 4206 permits†.
712 4133 770 4188 But
785 4134 811 4188 if
823 4134 904 4189 those
918 4134 987 4188 with
1002 4133 1095 4188 whom
1107 4132 1177 4205 they
1191 4147 1266 4190 were

158 4336 288 4397 ttymology
299 4338 328 4383 ot*
336 4337 459 4386 Korboni.

195 4411 436 4470 †1)uarenuadoea
452 4418 497 4464 not
511 4413 601 4476 permit
620 4426 675 4460 men
690 4416 717 4460 to
732 4425 817 4470 onear,
832 4412 878 4460 but
892 4411 949 4473 only
964 4416 992 4462 to
1010 4415 1092 4473 accept
1107 4425 1138 4461 an
1154 4412 1212 4461 oron
1232 4413 1265 4477 by

192 4261 207 4287 ⁶
221 4261 359 4324 Burbeyruo
372 4276 434 4325 ruys,
446 4267 492 4310 not
504 4261 530 4308 in
544 4259 682 4321 Euripides,
696 4260 741 4307 but
754 4260 779 4306 in
794 4260 956 4322 Lycophron;
971 4260 1019 4307 and
1036 4260 1068 4307 he
1081 4260 1208 4321 questione
1222 4260 1266 4310 tho

10 4296 72 4686 χ
160 4475 283 4552 lindenaet,
313 4489 382 4541 Η.

1149 4573 1172 4645 'l

236 4618 358 4704 [onor.
383 4620 443 4715 rr]
