2828 4920
76 240 154 300 Cer.
168 239 267 316 m]
305 245 358 299 DE
380 241 587 300 POENARUM
609 239 974 299 conniumcffloxu.
1130 234 1193 302 375

77 405 223 498 ligentia,
240 407 344 497 puniri
361 416 475 497 potest,
497 415 534 475 ιιι
551 406 685 475 diximus
695 409 717 493 ε)
736 405 762 473 si
780 416 941 495 quaeratur
961 429 1002 475 an
1019 407 1046 474 is
1064 407 1196 496 populus

23 523 27 601 ζ
79 508 166 574 ιιιιιΙο
192 509 290 596 possit
314 509 392 576 affici
416 509 456 575 ob
481 508 567 598 regis
595 515 650 574 aut
675 515 833 574 rectorum
859 508 1019 577 facinora:
1044 530 1107 574 non
1126 507 1195 596 jam

23 622 27 633 ·
80 607 254 694 quaerimus
282 608 329 674 gsi
356 608 452 697 ipsius
478 607 585 696 populi
609 629 775 674 consensus
800 609 972 686 accesserit,
1001 618 1056 676 aut
1077 609 1195 675 sactum

79 706 169 774 eliud
185 707 269 796 quod
284 730 342 797 per
358 729 392 774 se
409 707 450 774 sit
463 728 555 794 poenn
571 706 711 796 dignum,
728 706 784 773 sed
801 707 921 796 agimus
938 708 978 775 de
995 732 1032 774 eo
1050 718 1194 775 contactu

23 826 27 833 ·
81 806 137 894 qui
154 829 196 873 ex
211 815 325 874 natura
338 806 439 873 oritur
456 807 524 894 ejus
541 807 679 894 corporis
694 807 781 894 cujus
797 816 892 895 eaput
907 817 955 874 est
971 830 1038 887 rex,
1054 808 1195 875 membra

23 894 29 933 ἰ
80 906 191 976 ceteri.
235 909 323 974 Deus
335 907 461 994 quidem
474 908 514 973 ob
533 905 840 993 Daridispcecatum
852 908 999 995 populum
1016 906 1194 997 pestilentia

23 992 29 1033 ⁵
80 1006 225 1087 confecit,
246 1007 421 1095 etquidem
441 1015 478 1074 ut
498 1005 604 1073 David
624 1017 730 1073 censet
752 1007 959 1086 innocentem,
981 1007 1036 1074 sed
1057 1007 1145 1074 Deus
1161 1006 1208 1101 inl·

23 1092 30 1133 ³
80 1104 181 1174 vitam
198 1107 336 1196 ipsorum
347 1106 402 1195 jus
417 1106 556 1173 habebat
571 1105 790 1194 plenissimum.

23 1194 30 1231 ³
159 1208 181 1273 2
215 1207 346 1274 Interim
363 1207 432 1273 haec
448 1227 543 1295 poena
559 1215 629 1272 erat
645 1228 708 1272 non
730 1205 845 1294 populi,
864 1206 919 1273 sed
937 1204 1090 1273 Doridis·
1107 1227 1192 1288 nam,

23 1294 31 1333 ζ
78 1312 117 1372 ub
133 1304 182 1374 aib
198 1305 332 1395 scriptor
355 1305 560 1383 ChristianuS,
590 1303 779 1398 πικροτάτη
801 1308 939 1399 τιμωρία
960 1309 1027 1375 τῶν
1047 1300 1193 1399 vincern·
1204 1329 1322 1417 ονἭᾱ

78 1405 192 1476 κότιον
205 1400 414 1492 βασιλέων”
393 1435 414 1488 η
431 1407 568 1499 τιμωρία
586 1434 648 1474 σου
632 1408 755 1477 λαοῦ·
772 1429 849 1473 acer
851 1409 1017 1472 hicciorum
1032 1418 1078 1472 eet
1091 1407 1194 1471 delin-

77 1508 253 1592 quentibus
284 1508 416 1592 reqibue
449 1506 649 1593 ιιιρρῖἱοὶιιιιι
678 1508 716 1570 id
745 1509 831 1593 quod
853 1507 989 1593 populis
1017 1508 1192 1591 iufliyitur.

76 1604 220 1671 Perinde
243 1603 326 1670 enim
342 1605 402 1670 hoe
423 1612 482 1682 est,
501 1604 648 1671 nitidem
670 1603 813 1693 scriptor,
832 1627 869 1670 ue
893 1605 918 1669 si
935 1603 1003 1690 quis
1023 1602 1077 1692 qui
1099 1625 1194 1669 manu

75 1703 256 1793 peccarit
246 1726 279 1770 rn
295 1713 388 1793 tergo
409 1703 559 1771 feriatur:
582 1704 765 1793 quomodo
757 1727 789 1769 m
806 1703 897 1770 simili
913 1711 1099 1792 argumento
1120 1702 1194 1769 Plu·

74 1804 212 1870 tarohus
241 1825 305 1869 non
331 1803 424 1870 aliter
450 1802 483 1870 id
510 1803 555 1869 ait
578 1804 789 1893 accipiendum
813 1825 906 1892 qnam
930 1802 957 1868 si
985 1803 1124 1868 medicus
1151 1801 1192 1868 ad
1206 1822 1339 1912 nemim

74 1902 251 1969 curandam
264 1923 374 1968 eoxum
399 1911 472 1970 urat
488 1902 639 1991 pollicem.
691 1903 878 1971 Hominibus
895 1925 951 2011 cur
971 1900 1005 1968 id
1021 1924 1085 1968 non
1101 1870 1299 1968 lieeatii'i'n

66 2001 145 2091 jam·
160 2009 254 2071 antea
270 2001 416 2070 diximus.

128 2175 291 2225 ίΗοιιοιιἸιιιο
305 2177 426 2238 prohibiti
444 2176 511 2239 ιιιιιι]
532 2178 615 2226 Simile
663 2179 872 2227 omnaicudaudo
882 2192 944 2240 pene
956 2181 979 2226 et
992 2179 1040 2238 ipsi
1048 2178 1194 2240 illudseeir.

71 2252 188 2312 reperies
205 2253 231 2298 in
249 2253 280 2302 C.
298 2252 324 2297 in
344 2252 495 2313 quibusdam,
516 2255 554 2300 12.
573 2252 615 2300 Dc
663 2262 720 2302 rent.
752 2256 882 2315 Josephus,
899 2256 941 2301 nbi
956 2255 1095 2301 vaticinium
1109 2261 1195 2302 eontra

71 2327 172 2375 Poeuis.
201 2326 366 2387 (Ducuntur.
376 2327 463 2387 uhi.)
664 2328 836 2377 Jeroboonrum
848 2330 969 2390 prolatum
983 2334 1079 2375 narrat:
1094 2328 1194 2388 μεθέξει

126 2410 140 2446 t
156 2401 185 2449 Si
195 2402 271 2463 ὑμίν*
279 2403 368 2464 populi
377 2415 501 2450 contem
510 2415 613 2451 accuse·
663 2404 688 2450 δὲ
700 2407 746 2458 τῆς
756 2403 877 2463 τιμωρίας
888 2405 928 2449 καὶ
936 2403 968 2450 τὸ
979 2403 1076 2458 πλῆθος
1084 2403 1194 2451 ἐκπεσὸν

73 2476 128 2538 rit]
143 2478 214 2525 Philo
224 2479 255 2527 de
266 2479 379 2541 AEgyptii
389 2478 454 2539 regis
464 2479 566 2526 subditis
576 2479 614 2526 A·
662 2479 710 2532 τῆς
720 2478 816 2539 ἀγαθῆς
826 2480 883 2537 γῆς,
893 2477 935 2524 καὶ
944 2478 1084 2537 διασπαρὲν
1094 2479 1128 2525 cir
1136 2479 1195 2526 τούς

72 2555 190 2603 brahami
200 2559 318 2615 tempere.
329 2554 383 2615 (De
391 2555 484 2601 Abruh.
499 2567 556 2613 pag.
567 2555 614 2602 363
663 2551 744 2610 πέραν
760 2550 898 2611 Εὐφράτου
914 2552 1017 2609 τόπους,
1027 2553 1069 2598 ὅτι
1082 2557 1138 2599 τοῖς
1147 2552 1195 2599 τοῦ

72 2627 613 2690 1).)ταρασιῖλανσοόὲτῆιτιμωρίαςσύμ·
662 2626 789 2687 βασιλέως
811 2628 954 2688 ἀσεβήμασι
979 2627 1194 2684 κατηκολούθησε·

72 2719 134 2750 παι
143 2705 211 2765 αὐτῷ
221 2703 236 2751 ὁ
246 2705 322 2762 οἶκοι,
337 2703 440 2764 μηδενός
451 2702 494 2748 ἔτι
507 2703 542 2761 τῇ
561 2719 612 2748 πα·
658 2701 784 2761 particeps
793 2717 870 2762 ροισι
885 2708 907 2749 et
918 2702 1024 2762 populus
1036 2704 1090 2760 erit,
1103 2702 1194 2750 excidet

73 2779 188 2841 ρανομίᾳ
203 2780 412 2842 δυσχεράναντος,
423 2778 493 2825 ἄλλα
507 2777 612 2825 πάντων
662 2777 750 2836 quippe
754 2778 831 2835 selice
844 2783 918 2835 terra,
932 2792 1076 2839 sperareque
1082 2792 1131 2839 per
1139 2778 1195 2826 ioca

74 2853 154 2900 ’ἑνεκα
172 2855 219 2901 τοῦ
239 2859 366 2901 συναινεῖν
385 2854 487 2912 μονονοὺ
507 2869 613 2912 σνγχει·
662 2854 899 2912 transerrphratcusia
909 2854 1033 2912 exsulabit,
1047 2855 1112 2914 quod
1122 2853 1193 2916 impi-

72 2927 315 2988 ρονργησάνταντὸ
323 2927 441 2986 ἀδίκημα·
452 2928 554 2974 territet
560 2940 612 2985 poe-
662 2928 1027 2989 etatireqirroeiumseseecrit.
1052 2929 1121 2988 (Aut.
1131 2929 1193 2977 Jud.

73 3015 138 3048 nam
150 3001 225 3047 omnio
238 3015 291 3048 cum
306 3015 333 3048 eo
340 3001 455 3062 ffimilia,
469 3001 534 3061 quod
547 3015 612 3046 nemo
662 2999 716 3050 Lib.
726 3014 785 3050 vm.
795 3005 848 3064 cap.
860 3004 893 3052 xi.
904 3003 919 3066 5
931 3007 953 3052 1.
983 3003 1034 3052 Ed.
1044 3003 1169 3065 Ηιιιὶοοιι.)

75 3075 223 3137 ἰιιᾱίφιαινι
233 3079 293 3123 erret
301 3088 374 3136 cuper
383 3075 469 3133 injuste
475 3075 557 3135 farto,
572 3072 616 3121 red

78 3296 152 3374 pie's
166 3305 285 3356 consent
297 3299 349 3354 has
363 3299 437 3355 been
452 3299 596 3363 obtained,
610 3316 644 3355 or
658 3299 682 3353 if
693 3299 762 3371 they
773 3299 845 3355 hare
859 3299 934 3355 done
948 3299 1086 3371 unything
1101 3301 1193 3358 which

77 3389 104 3441 is
118 3385 158 3457 by
169 3386 249 3440 itself
259 3385 370 3457 wortby
382 3387 415 3441 of
424 3387 623 3456 punishment3
642 3386 695 3440 but
705 3403 747 3441 wo
759 3387 869 3458 inquire
881 3387 1051 3457 concerning
1062 3386 1112 3441 the
1123 3403 1191 3442 eon.

77 3471 184 3526 nexion
198 3470 291 3526 which
305 3471 447 3549 naturalig
462 3473 548 3527 urises
566 3472 695 3527 between
711 3472 773 3527 that
785 3473 861 3554 b⁰d1
876 3472 910 3525 of
924 3472 1013 3525 which
1027 3472 1076 3526 the
1087 3472 1156 3544 king
1168 3474 1192 3528 is

77 3557 847 3635 thdgndthicbndmfflmmembers.
887 3558 959 3622 God,
975 3575 1011 3613 on
1028 3568 1149 3613 account
1160 3559 1195 3614 oi

78 3643 132 3698 tho
151 3644 197 3698 rin
218 3643 252 3697 of
269 3643 371 3707 Darii,
389 3644 493 3696 wasted
512 3644 562 3700 the
579 3645 682 3716 people
703 3645 772 3699 with
789 3662 808 3699 a
824 3645 996 3717 pestilenoe3
1019 3647 1067 3699 tho
1085 3644 1188 3718 peoplo

78 3728 168 3800 being
181 3729 325 3792 innocent,
341 3744 372 3784 ae
391 3728 485 3784 David
503 3730 627 3802 judged:
650 3731 703 3786 but
719 3731 783 3787 (iod
797 3730 855 3786 had
870 3749 889 3786 a
902 3731 1021 3804 plenory
1033 3731 1110 3802 right
1124 3747 1192 3787 orer

78 3814 280 3956 Q‘duilli—entire
294 3916 379 3955 moun
396 3900 474 3964 time,
488 3899 544 3954 this
558 3918 613 3957 was
628 3908 679 3958 not
696 3903 746 3958 tho
763 3901 947 3974 punishment
962 3901 995 3955 ot
1014 3899 1064 3956 the
1080 3900 1192 3973 peoplo,

77 3985 134 4042 but
153 3984 188 4041 oi
206 3985 316 4052 David3
337 3987 384 4041 sor
402 4001 433 4040 us
452 4003 469 4039 ιι
489 3986 631 4042 Christian
650 3989 746 4043 writer
761 4005 841 4059 says;
866 3989 920 4042 Tho
938 3988 1058 4058 ehorpest
1076 3988 1192 4058 punish·

77 4079 153 4128 ment
167 4073 205 4143 os
213 4073 348 4143 offendiuq
363 4072 440 4143 kiuqo
456 4073 479 4125 ie
494 4073 535 4126 the
547 4075 719 4144 purrishmcut
739 4077 773 4146 os
786 4075 855 4128 their
872 4073 973 4146 propio.
1011 4073 1039 4126 It
1053 4073 1085 4137 ic,
1097 4089 1128 4126 ns
1142 4072 1192 4129 tho

77 4172 159 4216 sume
175 4158 271 4211 writer
284 4175 356 4229 says,
375 4174 406 4211 us
423 4158 448 4210 ii
459 4174 513 4212 ono
533 4159 595 4213 who
610 4159 660 4224 bas
677 4160 777 4213 sinned
792 4159 857 4212 with
874 4160 917 4213 his
932 4157 1008 4212 hand
1023 4174 1096 4212 were
1111 4163 1142 4211 to
1156 4158 1193 4215 be

78 4242 1192 4326 thkmnhbbmkzfflmmmuemumnthemiw

78 4329 151 4386 than
166 4329 248 4385 when
270 4346 288 4383 e
307 4330 452 4402 physieian
468 4333 620 4386 cauterizes
638 4331 688 4386 tho
707 4331 807 4385 tlrurnb
822 4338 852 4385 to
870 4345 937 4384 cure
952 4329 1001 4383 tho
1023 4328 1081 4404 bip.
1117 4330 1192 4405 why
