2828 4920
227 237 292 303 456
414 247 467 304 DE
490 247 627 305 CAUSIS
649 246 782 304 tusus
804 246 858 304 UT
880 248 1049 315 BELLUM,
1071 249 1156 305 ETG.
1216 245 1294 318 [nm.
1307 251 1386 322 112*

227 415 282 483 diu
299 424 411 482 exscts
433 424 491 491 est,
518 416 587 482 sliis
610 438 687 482 vero
711 415 854 482 omnibus
873 417 980 483 multis
997 416 1097 482 modis
1115 419 1378 499 commendata-3,

229 515 384 604 Origenes
410 515 501 582 Celso
525 516 710 584 Christianis
738 515 909 603 objectanti
937 517 1056 583 milities
1082 517 1362 594 detrectationem

63 624 196 721 mgis
227 614 273 682 sie
288 614 477 702 respondet:
499 617 552 682 lu's
572 619 632 703 qui
654 639 677 682 a
696 618 765 701 fide
789 619 894 682 alicui
911 640 978 704 pro
1000 619 1173 702 republica
1196 618 1347 692 militare

227 737 286 783 uos
299 715 427 800 jrrhent,
452 729 483 782 et
501 718 644 783 homiues
660 719 813 792 occidere,
831 719 883 782 ita
906 720 1191 803 respondebimus:
1218 720 1273 784 Hi
1288 727 1340 806 'qur'

228 816 484 884 simulacrorum
512 829 691 884 vestrorum
717 829 794 883 suut
822 819 1015 894 sacerdotes,
1046 831 1077 884 et
1102 820 1239 885 deorum
1267 842 1331 904 qrsos

223 919 357 1006 putatis
375 918 542 1002 flamines,
567 919 702 983 electros
716 939 828 1004 puros
848 932 980 984 servant
1000 920 1243 1004 sacm'ficiorum
1258 943 1330 1005 erpo,

229 1028 267 1084 ut
284 1039 323 1084 ea
343 1018 524 1083 incruentis
549 1029 580 1084 et
603 1017 699 1083 sulla
721 1019 806 1084 ccede
827 1019 1006 1084 maculatis
1028 1021 1182 1084 manibus
1204 1023 1331 1105 offerant

229 1118 284 1184 lu
304 1118 364 1204 qui
385 1119 563 1184 creduntur
580 1119 655 1183 dii:
678 1139 777 1204 ueque
797 1119 830 1184 si
852 1120 939 1204 quod
959 1121 1135 1185 cooriatur
1155 1122 1274 1185 bellum
1289 1143 1334 1186 so

229 1218 373 1284 cerdotes
404 1220 634 1284 asscribuntur
664 1219 817 1284 sumeris.
874 1220 968 1294 Quod
993 1223 1023 1285 si
1050 1221 1089 1284 id
1117 1222 1251 1287 ratione
1280 1243 1334 1286 uou

229 1328 332 1398 curet,
360 1330 484 1404 quanto
511 1319 620 1404 mapis
649 1319 764 1384 ceteris
790 1317 1022 1393 militantibus,
1050 1320 1107 1384 illi
1132 1307 1268 1408 quoque
1286 1343 1336 1386 suo

229 1418 325 1483 modo
345 1419 494 1484 couersdi
509 1429 585 1485 suut
609 1419 765 1492 militare,
785 1430 944 1502 tauquam
960 1420 1030 1484 Dei
1044 1423 1230 1487 sacerdotes
1246 1435 1337 1508 atque

227 1516 378 1592 cultores,
407 1519 465 1604 qui
494 1541 612 1584 marsus
637 1518 770 1601 quidem
798 1528 934 1583 seruant
953 1539 1077 1603 puras,
1105 1523 1162 1585 sed
1187 1523 1339 1607 precihus

230 1618 324 1705 apud
347 1618 456 1685 Deum
478 1631 603 1684 certant
621 1639 686 1704 pro
710 1618 763 1682 his
790 1618 852 1700 qui
866 1616 956 1701 juste
981 1619 1142 1700 militant,
1166 1634 1197 1686 et
1217 1645 1284 1707 pro
1307 1644 1339 1686 eo

230 1719 289 1804 qui
300 1718 392 1803 juste
410 1719 553 1805 repeat?
577 1739 640 1804 quo
653 1718 686 1782 in
701 1716 769 1783 loco
786 1716 965 1782 sacerdotes
983 1726 1075 1783 vocet
1091 1720 1220 1805 quosvis
1237 1720 1341 1787 Chris

230 1817 342 1893 tianos,
360 1817 503 1906 exemplo
520 1828 697 1883 sanctorum
714 1816 910 1905 scriptorum,
929 1819 1027 1904 Apoc.
1045 1817 1065 1882 i.
1080 1820 1122 1896 63
1142 1822 1160 1884 1
1178 1821 1252 1888 Pet.
1264 1820 1296 1885 ii.
1310 1824 1341 1890 5.

306 1917 365 1984 VI.
419 1920 438 1983 1
475 1917 627 1983 Arbitror
654 1939 729 1982 vero
754 1917 880 1983 evenire
903 1916 997 1982 etiam
1018 1939 1119 2004 posse,
1144 1921 1238 1984 utin
1262 1920 1344 1985 hello

229 2039 294 2084 non
315 2015 411 2083 dubio
435 2024 558 2083 tentum
583 2015 640 2082 sed
666 2026 699 2083 et
723 2016 886 2083 manifeste
902 2015 1017 2103 injusto
1039 2016 1126 2103 juste
1149 2017 1260 2105 alique
1277 2043 1346 2086 esse

229 2117 328 2208 possit
342 2115 539 2183 subditorum
556 2115 704 2182 defensio.
751 2117 834 2182 Nam
855 2139 925 2183 eum
942 2116 1082 2183 subditos
1097 2117 1295 2196 innocentes,
1314 2129 1348 2186 et

226 2239 252 2296 ‚s
279 2217 352 2284 belli
378 2217 470 2305 culpo
496 2226 643 2294 remotos,
671 2215 878 2282 interficiendi
900 2216 954 2303 jus
980 2239 1090 2284 verum
1117 2225 1151 2282 et
1182 2218 1349 2285 internum

229 2317 339 2394 hostis,
352 2316 472 2405 justum
490 2316 633 2403 quamvis
650 2316 763 2382 bellum
786 2338 909 2407 gerens,
926 2338 989 2381 non
1007 2316 1132 2391 habeat,
1150 2317 1212 2383 nisi
1229 2328 1290 2385 aut
1307 2319 1351 2385 ad
1375 2380 1379 2386 .

232 2417 439 2485 neeessariam
456 2416 677 2492 defensionem,
695 2425 750 2482 sut
766 2438 825 2503 per
845 2417 1096 2503 consequentiam
1113 2425 1147 2482 et
1163 2427 1259 2484 extra
1276 2441 1353 2506 pro-

230 2517 376 2607 positum,
404 2518 518 2604 (poenae
542 2516 624 2581 enim
654 2515 699 2580 illi
725 2514 851 2582 obnoxii
877 2538 940 2581 non
967 2520 1052 2601 sunt)
1082 2517 1226 2602 sequitur
1254 2528 1296 2585 nt
1325 2519 1353 2585 si

231 2628 319 2684 certo
342 2625 463 2684 constet
487 2617 609 2682 hostem
636 2637 673 2682 eo
694 2615 802 2682 venire
827 2615 940 2694 suimo,
966 2623 1003 2682 ut
1027 2616 1187 2683 hostilium
1205 2619 1353 2685 subdito-

177 2953 180 2960 ·
232 2919 359 2977 directed
378 2919 418 2992 by
437 2920 560 2992 especiel
573 2920 706 2986 holiness,
720 2919 790 2975 such
804 2937 836 2976 ss
858 2936 914 2974 was
933 2920 1001 2989 long
1014 2918 1131 2974 exceted
1147 2918 1181 2974 of
1198 2921 1354 2978 ecclesias·

231 3008 300 3064 tieal
317 3023 433 3080 persons
453 3007 511 3061 snd
530 3007 682 3079 penitents‚
698 3007 755 3060 und
770 3008 897 3078 strongly
911 3005 1129 3061 recommended
1148 3011 1178 3059 to
1194 3007 1234 3059 all
1250 3008 1354 3063 others

231 3094 263 3149 in
288 3110 374 3165 msny
393 3109 476 3164 ways.
524 3094 638 3166 Origen,
661 3094 885 3166 snsneringthe
906 3091 1101 3161 objectiones
1122 3091 1222 3147 Celsus
1245 3100 1281 3148 to
1302 3095 1353 3150 the

233 3180 398 3242 christinus,
425 3179 489 3235 thet
517 3180 587 3252 they
613 3180 743 3236 declined
771 3182 895 3250 military
921 3180 1036 3244 service,
1064 3194 1146 3249 suyss
1176 3179 1265 3234 These
1292 3184 1353 3236 wls

231 3267 338 3340 nescire
357 3266 417 3331 titis,
434 3283 473 3321 we
486 3268 594 3322 remiud
613 3269 650 3338 os
656 3269 696 3322 ets
704 3268 803 3338 priests
816 3270 852 3341 ⁰f
870 3267 911 3320 tire
925 3266 1054 3329 luatluus,
1065 3266 1124 3319 who
1136 3282 1205 3320 were
1217 3267 1316 3321 bound
1326 3277 1352 3322 to

233 3355 295 3426 keep
311 3354 457 3408 themselves
474 3371 544 3424 pure
551 3355 634 3423 from
649 3355 690 3408 tlre
703 3354 832 3425 sleddiuq
846 3355 883 3423 os
892 3354 994 3406 herman
1006 3353 1103 3413 οἱοοά,ο
1125 3352 1184 3405 aud
1199 3353 1252 3406 this
1268 3356 1352 3425 oupht

232 3442 291 3498 still
310 3450 337 3496 to
360 3442 388 3496 hs
405 3440 445 3495 tlte
465 3441 524 3494 rule
536 3441 591 3510 sor
607 3440 676 3494 those
693 3440 752 3493 ulto
766 3441 867 3494 areall
876 3441 974 3512 priests
991 3440 1026 3511 ⁰f
1037 3439 1108 3493 Geel.
1149 3439 1222 3510 they
1236 3441 1271 3493 im
1283 3442 1352 3495 their

230 3547 349 3602 propere
362 3537 389 3582 to
403 3528 467 3582 (iod
480 3527 580 3581 wrestle
586 3528 641 3597 sor
656 3527 723 3580 them
736 3527 795 3580 solo
803 3529 874 3599 fiplt
880 3527 976 3599 justly,
986 3526 1105 3599 audsor
1115 3526 1172 3579 him
1184 3527 1244 3580 wiso
1257 3529 1351 3599 usipus

227 3616 337 3689 justlp:
359 3614 453 3669 where
472 3613 510 3668 ho
526 3613 594 3667 cells
608 3611 646 3666 all
659 3612 814 3669 (thrIstinns
829 3615 938 3686 priests,
950 3612 1095 3685 following
1108 3612 1159 3668 the
1175 3613 1351 3686 Scriptnres,

233 3702 305 3757 Rev.
319 3703 336 3755 i.
354 3705 390 3766 63
415 3701 506 3755 lPet.
520 3701 550 3754 ii.
568 3708 592 3754 5.

292 3788 343 3842 vl.
383 3793 397 3840 1
426 3786 542 3842 Ithinlr
565 3785 694 3841 however
713 3784 775 3839 that
790 3783 813 3836 it
836 3799 902 3855 moy
920 3782 1044 3858 huppen,
1064 3785 1128 3841 thet
1140 3786 1169 3840 in
1184 3803 1203 3840 e
1223 3794 1352 3842 warnos

234 3874 375 3938 doubtful,
390 3875 442 3929 bnt
456 3890 527 3927 even
542 3873 704 3943 monifestly
718 3874 822 3943 cujusl,
839 3869 919 3926 thero
933 3889 998 3945 may
1014 3874 1050 3929 be
1065 3890 1083 3927 s
1097 3874 1158 3943 just
1176 3873 1299 3930 defense
1321 3876 1355 3928 of

235 3961 285 4017 the
303 3961 426 4032 subjects
444 3960 506 4014 who
526 3961 623 4015 takes
646 3967 711 4031 part
730 3961 759 4012 in
782 3960 814 4013 it.
859 3957 918 4011 For
939 3961 1016 4015 since
1037 3959 1086 4016 the
1105 3977 1217 4032 enemy,
1236 3961 1353 4033 though

234 4049 366 4121 carrying
388 4065 426 4102 on
444 4064 462 4102 s
483 4049 543 4118 just
569 4064 633 4110 war,
654 4045 705 4100 has
726 4052 777 4099 not
798 4061 817 4098 s
842 4049 906 4099 true
928 4047 983 4101 and
1006 4048 1133 4103 intrinsic
1152 4047 1229 4118 right
1254 4058 1286 4102 to
1301 4048 1354 4102 kill

235 4137 370 4192 innocent
382 4135 513 4206 subjects‚
527 4134 590 4189 who
605 4133 676 4188 hare
691 4133 810 4203 nothing
826 4137 855 4186 to
871 4131 907 4186 do
920 4134 986 4188 with
1004 4134 1053 4189 the
1068 4134 1142 4188 fault
1157 4134 1191 4188 οἰ
1203 4134 1255 4188 the
1272 4153 1355 4200 nors,

156 4237 161 4245 ’
235 4233 337 4296 except
351 4223 443 4279 either
458 4223 503 4276 for
517 4238 664 4292 necessary
678 4221 801 4283 defense,
817 4235 850 4273 or
864 4217 902 4290 by
926 4238 1119 4292 consequence
1138 4219 1195 4273 snd
1217 4224 1355 4276 extrinsi·

236 4311 311 4383 cslly
322 4320 353 4366 to
369 4311 413 4365 his
428 4326 566 4383 purpose3
588 4308 647 4374 (for
659 4307 728 4379 they
741 4323 789 4362 ure
811 4314 862 4361 not
882 4306 966 4362 liable
982 4316 1013 4362 to
1028 4307 1212 4380 punishment
1221 4306 1245 4373 ς)
1263 4309 1287 4364 it
1300 4311 1358 4364 sol·

234 4395 303 4452 lows
324 4397 387 4453 that
401 4399 427 4454 it
446 4399 470 4452 it
484 4398 520 4453 be
538 4396 615 4452 clear
636 4396 700 4452 that
720 4395 769 4450 tho
788 4411 890 4467 enemy
905 4411 998 4450 comes
1013 4394 1082 4448 with
1101 4393 1171 4450 such
1191 4411 1210 4448 a
1224 4412 1357 4470 purpose
