2828 4920
250 209 316 274 420
439 218 593 277 stomun
615 218 668 275 Di}
689 219 776 277 Nox
798 219 957 276 TRMERE
978 219 1102 276 nuum
1125 219 1182 275 EX
1241 216 1315 288 [Lus.
1327 219 1361 275 11.

85 397 233 442 sussen
251 385 351 476 Apud
371 385 495 453 Livium
511 396 579 453 est.
605 410 679 454 cum
701 399 778 454 tuus
797 389 893 464 vires,
912 400 981 453 tum
1004 389 1071 453 uim
1084 387 1251 470 fortuma,
1274 386 1361 449 Mor

87 496 198 544 ml&
254 499 377 574 teneque
399 509 595 553 communem
617 509 764 574 propone
787 490 908 554 auimo.
955 487 999 552 Et
1013 484 1099 573 npud
1125 483 1361 572 Thucydidem·

253 615 316 655 τον
300 580 486 668 πολέμου
509 584 552 655 ad
576 583 817 677 παράλογον
798 615 878 656 οσον
895 581 984 663 ἐστὶ,
1009 584 1088 678 πρὶν
1104 579 1142 653 ἐν
1160 577 1258 672 αὑτῷ
1273 611 1360 672 *γενε-

253 685 345 764 σθαι,
372 678 607 780 προδιᾶγνωθι·
632 688 837 773 quicquid
821 689 993 772 inopinum
1018 685 1170 752 oocidm
1196 695 1305 769 potest
1329 685 1361 749 in

254 786 345 863 hello,
358 789 557 873 priusquam
572 788 778 872 qurediara,
796 788 976 854 considera.

324 885 366 954 V.
405 888 423 951 1
455 884 518 964 Qui
534 883 720 962 deliberant,
739 883 855 972 partim
872 885 913 951 de
929 884 1051 962 finibus,
1069 905 1133 950 non
1149 880 1281 972 quidem
1296 881 1361 949 ulti·

252 983 321 1062 mis,
347 984 404 1050 sed
420 982 590 1072 interjectis
613 984 798 1061 deliberant,
822 984 937 1072 purtim
955 985 995 1049 de
1010 983 1057 1063 iis,
1081 1005 1154 1071 quae
1177 1005 1218 1050 eo
1241 983 1359 1050 ducum,

253 1082 342 1150 Finis
366 1105 491 1173 sompes
515 1091 564 1149 est
590 1083 705 1149 honum
735 1083 870 1170 aliquod,
896 1093 952 1150 aut
977 1092 1063 1150 certe
1087 1082 1163 1149 meli
1188 1081 1359 1158 declinitio,

252 1204 325 1271 quoe
353 1183 452 1250 uicem
481 1183 555 1249 honi
579 1183 722 1250 obtinere
749 1183 855 1271 possit.
909 1185 989 1262 Quae
1021 1204 1097 1249 vero
1122 1184 1185 1249 huc
1213 1191 1274 1249 aut
1296 1182 1360 1247 illuc

252 1283 380 1362 ducunt,
397 1304 456 1371 per
472 1304 507 1348 ss
523 1304 587 1347 non
603 1290 804 1370 expetuntur,
821 1282 878 1348 sed
894 1293 1048 1370 quotenus
1065 1283 1206 1350 ducunt:
1223 1280 1359 1371 qunrein

253 1381 529 1449 deliberationibus
551 1381 753 1470 comparandi
771 1390 853 1464 sunt,
877 1393 911 1450 et
932 1382 1009 1449 tina
1029 1382 1113 1449 inter
1135 1404 1179 1460 se,
1203 1392 1359 1449 eteorum

252 1501 325 1569 qua
340 1481 383 1548 ad
398 1480 491 1548 finem
502 1482 629 1556 ducunt,
646 1480 780 1548 facultas
794 1481 938 1547 affectiva
952 1483 994 1549 ad
1007 1481 1099 1547 fincrn
1113 1481 1358 1570 producendum:

158 1620 165 1633 ·
252 1601 335 1664 nam,
367 1588 405 1646 ut
437 1589 523 1647 recte
551 1579 631 1647 dixit
660 1580 845 1647 Aristoteles
873 1581 914 1647 do
944 1581 1124 1648 animalium
1155 1583 1304 1661 motione,
1330 1587 1358 1649 oi

253 1675 435 1773 προτάσεις
453 1679 486 1748 ai
504 1679 670 1761 ποιητικαὶ
693 1671 744 1749 iad
766 1671 823 1748 iio
845 1673 935 1748 sidcis·
952 1682 1147 1772 γίγνονται,
1164 1674 1221 1751 dcci
1242 1711 1284 1750 τε
1302 1676 1358 1750 τοῦ

251 1777 384 1871 ἀγαθοῦ
410 1779 464 1849 rai
490 1771 542 1847 iad
567 1782 631 1848 τοῦ
659 1775 807 1856 δυνατοῦ,
831 1783 1082 1868 propositiones,
1104 1806 1178 1868 quos
1205 1784 1357 1848 actionem

251 1883 401 1966 efficiunt,
419 1880 556 1945 ἀιιονιιοι
575 1891 650 1946 sunt
665 1902 828 1966 yeuerum,
846 1881 889 1946 ab
913 1902 949 1945 eo
966 1883 1053 1967 quod
1068 1883 1184 1947 bonrum
1200 1895 1259 1960 est,
1276 1894 1306 1949 et
1320 1883 1358 1946 ab

251 1999 288 2044 ao
304 1981 479 2066 quodsicri
486 1991 617 2065 potest:
643 2000 714 2066 quae
731 1978 923 2066 comparatio
940 1988 1005 2045 tres
1019 1980 1117 2047 habet
1133 1983 1291 2048 2normas.

328 2080 350 2143 2
384 2077 491 2144 Prima
518 2088 586 2156 est3
613 2077 640 2143 si
667 2100 728 2156 res,
759 2077 800 2143 ds
825 2098 889 2164 quo.
916 2078 1032 2165 agitur,
1060 2080 1226 2166 aqualem,
1256 2079 1357 2146 morali

250 2175 368 2243 scilicet
381 2176 596 2255 estimatione,
614 2177 779 2243 efficaciam
792 2171 1066 2264 heheuefvideatur
1080 2179 1121 2244 ad
1139 2181 1258 2246 bonnm
1275 2189 1307 2246 et
1321 2180 1358 2245 ad

251 2275 387 2342 malum:
413 2276 458 2343 ita
473 2276 598 2341 demum
615 2276 761 2365 eligenda
783 2285 841 2354 est,
859 2275 886 2341 si
907 2276 1021 2342 honum
1039 2277 1200 2364 aliquanto
1223 2281 1293 2367 plus
1309 2281 1358 2344 ha·

169 2414 175 2425 ·
251 2375 327 2442 beat
356 2375 429 2442 boni
457 2396 550 2462 quam
579 2375 695 2440 malum
718 2374 800 2442 muli.
853 2376 924 2442 Hoo
951 2384 1008 2457 est,
1031 2377 1115 2464 quod
1140 2378 1297 2446 Aristides
1319 2379 1358 2445 sio

141 2462 148 2480 ⁹
251 2474 413 2543 enuntiat:
441 2473 491 2543 ὅτ’
517 2467 667 2545 ἔλαττον
687 2479 749 2544 τοῦ
770 2467 948 2570 δυσχεροῦς
973 2473 1016 2543 ‘td
1037 2472 1180 2567 ἀγαθον,
1208 2480 1358 2572 κρεῖττον

295 2649 415 2698 ’Harum
435 2649 573 2711 regularum
595 2649 781 2710 explicationem
877 2656 889 2682 ⁰
904 2647 934 2695 Si
953 2648 1064 2711 efficacia
1082 2648 1117 2696 nd
1134 2649 1221 2697 ὸοιιιοιι
1237 2651 1316 2711 major
1331 2651 1360 2698 rit

250 2725 305 2774 vids
312 2726 377 2786 upud
386 2724 781 2783 Purnnooartnu,DsJur.Nat.
832 2723 922 2771 collata
931 2724 1041 2785 eflicuciae
1051 2724 1086 2771 od
1094 2726 1191 2784 ιιιοιιιιι,
1201 2741 1275 2788 quan
1288 2729 1360 2788 ipsun

250 2814 282 2850 ac
293 2800 361 2849 Gent-
372 2801 427 2849 Lib.
438 2813 456 2848 1.
468 2815 521 2862 cap.
531 2802 554 2847 2.
568 2799 582 2861 ἓ
594 2801 617 2848 7.
646 2798 675 2848 J.
685 2798 719 2846 B.
831 2799 920 2847 ndum
937 2803 973 2847 est
990 2800 1102 2848 muana
1117 2799 1191 2864 hono]
1218 2803 1303 2852 Utitur
1320 2805 1360 2851 hus

308 3014 345 3070 V.
384 3020 399 3069 1
425 3012 519 3069 Those
543 3013 606 3070 who
636 3013 793 3070 deliberate
817 3014 848 3068 in
876 3013 947 3069 such
973 3030 1060 3078 cases,
1083 3014 1244 3071 dehherste
1271 3017 1361 3089 partly

251 3101 423 3171 concerning
444 3099 494 3155 the
511 3100 591 3164 cnds,
611 3106 662 3155 not
686 3101 736 3157 the
754 3100 893 3164 ultimate,
910 3101 963 3156 but
985 3102 1034 3156 the
1057 3101 1260 3157 intermcdinte
1289 3120 1362 3168 ones,

251 3187 310 3240 and
324 3187 431 3258 partly,
446 3188 617 3258 concerning
632 3186 681 3241 tho
700 3204 797 3245 means
812 3186 904 3242 which
918 3187 981 3241 lcad
997 3193 1028 3242 to
1043 3186 1093 3242 the
1105 3187 1184 3242 ends.
1233 3188 1297 3245 The
1311 3189 1364 3244 end

160 3268 164 3273 ’
252 3272 277 3328 is
294 3272 396 3344 always
419 3289 498 3327 some
514 3273 597 3343 good,
617 3289 651 3328 or
669 3279 699 3327 st
722 3274 795 3327 least
817 3272 867 3327 tho
891 3273 1045 3329 avoidance
1059 3273 1093 3328 oi
1109 3275 1173 3338 evil,
1192 3274 1288 3330 which
1302 3293 1364 3348 may

251 3358 336 3414 stand
351 3359 381 3411 in
396 3357 446 3412 the
460 3358 541 3428 ploce
556 3359 589 3412 oi
601 3358 685 3428 good.
721 3357 782 3412 Tho
797 3374 894 3412 means
909 3358 1000 3413 which
1014 3358 1079 3414 lead
1099 3366 1131 3415 to
1152 3361 1225 3415 onds
1246 3378 1298 3416 are
1317 3369 1366 3417 not

252 3444 358 3517 sought
378 3461 415 3500 on
433 3442 508 3498 their
531 3460 594 3498 own
610 3449 739 3509 nccount,
759 3444 812 3499 but
827 3460 858 3499 as
873 3444 942 3516 they
956 3445 1020 3500 lead
1039 3453 1070 3501 to
1085 3444 1136 3500 tho
1154 3446 1222 3500 end.
1259 3448 1365 3503 There-

251 3530 316 3586 fors
335 3531 365 3584 in
389 3547 442 3585 our
456 3529 656 3584 deliberations
671 3545 713 3583 we
738 3536 815 3584 must
835 3546 968 3602 compare
985 3532 1055 3586 ends
1070 3531 1140 3585 with
1160 3547 1219 3587 one
1239 3535 1367 3597 another,

252 3616 309 3670 and
324 3615 374 3671 the
386 3617 501 3688 cfficacy
515 3615 549 3672 oi
561 3615 610 3671 tho
624 3632 721 3669 mcnus
745 3623 775 3671 to
789 3615 916 3687 produce
930 3616 980 3671 the
1000 3617 1071 3672 and:
1094 3633 1126 3672 as
1145 3618 1287 3676 Aristotle
1306 3614 1366 3695 says

231 3700 235 3706 ’
253 3702 287 3757 oi
299 3702 348 3759 tho
361 3702 482 3758 snotions
497 3703 531 3757 of
542 3703 668 3756 animuls.

312 3788 407 3844 Thero
421 3805 471 3843 are
486 3788 567 3844 thrco
581 3788 657 3842 rulcs
671 3788 717 3841 for
730 3786 800 3841 such
813 3789 1013 3859 comparisons.

306 3881 324 3928 2
351 3875 413 3930 Tho
427 3875 489 3929 first
504 3874 566 3930 rnlc
581 3876 613 3938 is,
634 3874 658 3926 ii
677 3873 726 3927 the
747 3873 828 3943 thing
842 3875 871 3927 in
886 3876 1017 3946 question
1031 3890 1131 3940 seems,
1149 3875 1179 3930 in
1194 3878 1289 3933 moral
1305 3880 1369 3935 esti-

253 3960 371 4023 mation,
389 3966 420 4014 to
441 3960 512 4014 huso
530 3977 567 4012 an
587 3960 701 4029 cfficocy
718 3958 788 4012 both
809 3961 855 4013 for
875 3961 949 4031 good
966 3962 1023 4015 aud
1041 3961 1087 4016 ior
1103 3962 1175 4027 esil;
1192 3965 1217 4018 it
1235 3965 1259 4019 is
1281 3972 1314 4021 to
1334 3967 1369 4021 be

253 4044 360 4100 ohoscn
383 4044 450 4115 only
470 4045 496 4098 ii
512 4044 593 4099 thore
608 4045 631 4098 is
646 4061 725 4098 uuorc
740 4045 774 4097 of
781 4047 855 4115 good
870 4048 900 4099 in
915 4047 965 4102 tho
978 4047 1053 4119 good
1072 4064 1284 4120 consequenccs
1300 4052 1369 4108 thau

254 4130 288 4185 oi
296 4130 351 4186 evil
366 4131 395 4184 in
410 4130 460 4185 tho
471 4130 534 4185 cvil.
582 4131 620 4184 So
636 4130 773 4185 Aristides
788 4131 845 4185 and
859 4133 1036 4188 Andronicus
1049 4133 1187 4190 Rhodius.

308 4223 325 4273 3
353 4217 415 4273 The
436 4216 540 4271 second
562 4217 624 4270 rulo
642 4217 674 4282 is,
691 4217 715 4269 if
733 4216 782 4273 tho
800 4219 874 4288 good
894 4221 951 4273 ond
966 4221 1015 4276 tho
1030 4221 1085 4276 evil
1106 4219 1197 4276 which
1221 4239 1291 4297 moy
1304 4243 1369 4298 pro-

253 4303 323 4358 occd
341 4304 417 4359 from
436 4302 485 4358 tho
504 4302 586 4373 thing
605 4303 642 4356 bo
662 4304 761 4374 oqual;
781 4305 804 4358 it
825 4306 848 4359 is
871 4313 902 4362 to
916 4307 953 4362 be
965 4307 1070 4363 choscn
1087 4308 1114 4361 ii
1133 4308 1184 4363 thc
1199 4310 1320 4386 efficacy
1334 4313 1370 4369 he

252 4397 366 4461 greater
380 4391 426 4445 for
439 4389 489 4445 tho
503 4390 577 4461 good
592 4388 661 4443 thou
674 4390 720 4444 ior
734 4389 783 4445 the
798 4392 863 4447 orii.
