2828 4920
68 225 237 297 Car.XX.]
517 230 570 286 DE
592 231 732 287 POENIS.
1124 220 1186 286 265

64 396 158 485 juris,
176 395 209 462 in
234 395 273 461 iis
298 394 374 461 locis
399 403 495 483 atque
518 395 602 464 inter
619 419 674 463 eas
690 419 840 486 personas
858 419 928 484 qna
947 396 1041 464 certis
1062 396 1188 484 judiciis

70 521 135 562 nen
153 497 305 564 subsunt:
331 519 367 562 ae
385 506 542 584 practerea
558 498 590 563 in
608 499 793 585 quibusdam
811 499 932 565 casibus
949 498 1096 586 exceptis.
1134 498 1187 566 Sia
1199 517 1343 558 ϋενιιϋῑν·

71 599 283 664 Hebraeorum
309 597 447 664 moribus
473 599 672 666 Ilebrausa
697 602 766 666 Deo
791 609 823 666 et
848 598 909 665 Dei
935 599 1006 688 lege
1031 598 1186 678 deficiens,

71 708 129 765 aut
146 700 256 765 ducem
274 721 308 764 se
324 700 365 764 ad
383 699 478 765 falses
490 701 591 766 cultus
608 702 762 788 praebens,
780 695 881 766 killico
898 722 918 765 a
935 699 1045 787 quovis
1062 699 1188 767 homine

72 802 219 887 ⁶poterat
243 799 387 866 interfici.
424 793 462 866 ¹J
466 800 599 866 odicium
626 802 683 869 zell
709 801 742 868 id
768 809 882 868 secant
905 799 1048 879 Hehroei,
1066 801 1151 888 quod
1167 823 1190 868 a

71 899 196 966 Phinea
222 897 341 988 lprimo
370 902 543 968 exereitum
569 901 667 978 aiunt,
698 912 731 968 et
758 901 832 968 inde
857 901 971 968 abiisse
1001 901 1034 967 iu
1057 924 1187 968 morem.
1200 910 1325 950 Num-m·

72 1001 127 1067 Sic
150 1001 300 1068 Judaeum
326 1002 482 1089 quendam
511 1003 632 1069 Graeeis
661 1025 695 1068 se
720 1002 831 1071 ritibus
857 1003 1047 1090 polluentem
1076 1002 1189 1070 eccidit

71 1101 256 1168 Mathatias.
307 1103 359 1170 sie
380 1105 515 1170 trecenti
540 1103 593 1169 alii
618 1103 761 1170 Judaeia
784 1104 985 1192 popularibus
1010 1102 1074 1169 suis
1097 1102 1349 1202 eccisiggssoecbh

71 1203 265 1281 referuntur,
283 1203 364 1269 libro
380 1202 435 1292 qui
452 1204 548 1293 vulgo
563 1203 678 1270 dicitur
695 1206 945 1271 Maccahaeorum
962 1203 1086 1271 tertius.
1119 1203 1188 1270 Nee

71 1303 136 1369 alio
153 1305 284 1372 obtentu
308 1305 452 1372 instituta
471 1303 621 1392 lapidatio
640 1304 673 1370 in
691 1296 897 1393 Stephanum,
915 1314 949 1373 et
966 1304 1137 1393 conjuratio
1154 1304 1187 1370 in
1200 1309 1327 1353 Mill·

73 1405 230 1472 Paulum:
257 1406 418 1494 multaque
432 1404 495 1471 alia
511 1404 655 1494 exempla
673 1406 860 1494 ejuscemodi
878 1414 1006 1473 exstant
1022 1414 1057 1472 ct
1072 1406 1187 1494 mapud
1198 1406 1244 1446 ⁴⁴⁶²
1252 1405 1312 1446 ¹¹²¹*
1322 1407 1354 1446 ’ἃ

72 1504 250 1583 Philonem,
269 1515 302 1574 et
318 1506 404 1595 apud
421 1508 446 1573 J
448 1506 609 1594 osephum.

70 1617 72 1621 ’
152 1609 173 1672 6
209 1609 290 1674 Tum
308 1630 384 1674 uero
401 1608 487 1696 apud
504 1607 618 1673 multos
640 1606 771 1694 populos
786 1615 819 1675 et
836 1604 968 1674 dominis
984 1603 1141 1672 insessos
1156 1614 1190 1675 et

72 1706 259 1796 parentibus
281 1707 314 1774 in
339 1708 455 1774 liberes
478 1706 594 1774 mansit
611 1706 664 1795 jus
689 1708 839 1796 puniendi
861 1709 998 1797 plenum,
1029 1706 1125 1774 etiam
1147 1706 1190 1774 ad

73 1817 211 1876 mortem
237 1830 346 1896 usque.
400 1809 451 1876 Sie
484 1808 609 1897 Spartae
638 1808 776 1895 Ephoris
805 1809 892 1875 licuit
919 1809 1018 1874 civem
1047 1805 1190 1875 occidere

73 1920 169 1975 extra
181 1909 342 1997 judicium.
375 1909 420 1977 Et
431 1931 475 1975 ex
491 1908 542 1974 his
556 1907 682 1996 quidem
700 1930 772 1996 quae
790 1908 925 1976 diximus
940 1907 1033 1995 quale
1049 1907 1091 1974 sit
1106 1907 1190 1975 cirea

73 2033 186 2098 peenas
198 2010 252 2099 jus
268 2019 402 2089 naturae,
420 2018 454 2076 et
471 2030 632 2097 quousque
648 2009 798 2076 manserit
814 2008 947 2099 intelligi
962 2015 1074 2097 petest.

153 2113 194 2177 X.
244 2113 263 2177 1
299 2111 392 2177 Nune
424 2109 503 2177 illud
532 2108 701 2177 videndum
732 2117 790 2189 est,
821 2131 896 2176 unm
926 2109 979 2174 lex
1006 2107 1191 2198 evangelica

73 2288 432 2350 Doctissimumlnterpretem,
448 2301 521 2350 quern
536 2287 610 2334 mode
658 2285 815 2347 δραμοῦνται
833 2285 975 2346 τιμωρίαις,
1000 2285 1131 2344 κρίνοντες
1149 2285 1191 2332 cl·

73 2366 222 2424 laudastis
240 2367 315 2413 Num.
331 2381 388 2413 xxv.
405 2367 427 2414 7.
449 2368 475 2412 et
496 2364 610 2413 Celeber-
659 2363 721 2422 cyls
738 2363 771 2408 τὸ
787 2361 845 2408 κατ’
861 2363 938 2409 αὐτοῦ
953 2363 1044 2423 φονᾷν·
1054 2361 1192 2423 paneadae

72 2442 130 2489 rimi
141 2442 167 2489 J.
178 2442 226 2489 Fa.
236 2442 342 2489 Beonnr
356 2441 558 2488 Dissertatienem
568 2439 610 2486 Dc
658 2437 717 2484 tatis
730 2443 757 2484 nt
772 2437 846 2484 hostis
859 2438 969 2498 publicas
985 2438 1094 2496 omniurn,
1108 2441 1192 2499 spreta

73 2517 138 2565 Jurc
148 2517 286 2564 Zelotaram
296 2519 322 2564 in
333 2517 407 2566 Gentc
416 2516 529 2574 Hebraa,
544 2513 608 2576 534.
658 2513 817 2573 qualicunque
833 2527 885 2560 cam
898 2527 925 2560 ce
939 2513 1115 2571 necessitudine,
1128 2512 1192 2571 ἠνσ-

73 2599 96 2641 ct
106 2608 172 2655 seqq.
202 2593 231 2642 J.
241 2593 274 2641 B.
289 2630 292 2636 .
523 2632 527 2637 .
659 2603 704 2650 quc
717 2591 840 2636 maciem
854 2589 978 2650 vulganda
993 2590 1099 2636 omnihus
1109 2590 1191 2650 picta·

119 2678 138 2703 ¹⁸¹
161 2669 236 2730 Apud
255 2667 392 2730 Philonem]
419 2668 497 2730 Cujus
517 2669 542 2714 et
562 2667 609 2713 hoc
658 2670 704 2711 tem
717 2665 858 2723 amantibus,
873 2671 900 2712 at
915 2666 966 2712 sinc
980 2680 1049 2712 mera
1061 2669 1192 2714 accurrant

72 2745 98 2791 in
112 2744 177 2791 libro
191 2744 221 2792 de
234 2743 449 2805 Sacn'fieentibns:
466 2741 609 2790 κολαστέον
658 2740 762 2800 undique
779 2739 814 2786 ad
828 2741 980 2800 expetendam
1000 2740 1030 2788 dc
1048 2740 1101 2787 niro
1117 2740 1191 2801 imple

72 2819 106 2867 eis
116 2820 204 2880 δήμιον
213 2820 254 2867 καὶ
264 2821 349 2868 κοινὸν
360 2820 452 2882 ἐχθρὸν
465 2820 537 2876 ὄντα,
553 2817 608 2864 dhi-
657 2817 887 2877 eappllcc'nnr,firmc
897 2817 1016 2865 credentes
1024 2823 1133 2865 sanctam
1142 2831 1192 2865 aaa

73 2909 111 2954 γα
124 2893 316 2952 φροντίσαντας
327 2891 493 2946 οἰκειότητος,
508 2890 549 2936 καὶ
561 2888 609 2937 τᾶν
658 2906 708 2938 rcm
716 2893 831 2952 ejusmodi
841 2894 941 2940 heminis
951 2893 1108 2955 interficiundi
1116 2906 1191 2956 appe·

73 2969 333 3029 nupervenientem
354 2967 525 3029 διαγγελτέον
540 2969 608 3014 πᾶσι
657 2969 733 3016 citum.
764 2968 839 3030 (Peg.
854 2972 900 3018 865
916 2970 955 3031 n.)
991 2971 1026 3018 Et
1043 2971 1106 3018 alter
1121 2968 1191 3017 locut

74 3050 132 3092 τοῖς
143 3046 273 3104 εὐσεβείας
286 3045 418 3106 ἐρασταῖς,
433 3045 457 3090 οἳ
471 3041 608 3102 inempti·
657 3058 707 3090 nen
722 3045 803 3091 minus
816 3045 916 3106 insignit
932 3047 996 3093 circa
1008 3047 1082 3093 finem
1096 3045 1128 3093 do
1139 3058 1191 3092 mo·
1208 3063 1220 3088 ο

74 3138 113 3182 τῳ
125 3120 202 3180 τάχει
212 3125 272 3167 waic
278 3120 336 3167 κατ’
345 3119 433 3181 ἀνδρὸς
441 3118 541 3166 ἀνοσίου
551 3118 608 3165 ἐπι·
658 3120 758 3166 narchia
769 3119 837 3180 (Lib.
847 3133 865 3168 ι.
881 3135 940 3182 pag.
951 3123 1005 3180 818,
1013 3120 1083 3183 819.)

76 3376 133 3434 call
148 3376 172 3430 it
191 3391 210 3430 a
220 3373 372 3447 judgmeut
390 3371 424 3429 of
435 3371 503 3437 zeal,
523 3371 558 3428 of
574 3371 665 3429 which
687 3373 758 3445 they
776 3389 826 3445 say
846 3373 969 3429 Phineas
988 3379 1032 3430 set
1055 3373 1105 3431 tho
1127 3376 1190 3433 first

77 3462 217 3534 example.
240 3459 360 3528 (Numb.
374 3456 453 3526 xxv.)
485 3459 524 3514 Se
540 3460 569 3514 in
586 3460 635 3516 the
650 3460 825 3524 Maccabees,
837 3459 1003 3516 blattathias
1015 3461 1082 3517 slew
1095 3477 1114 3516 a
1126 3463 1190 3519 lew

77 3547 349 3623 polluting‘himseli
363 3545 431 3601 with
450 3546 546 3602 Greek
560 3549 650 3613 rites3
675 3548 732 3602 and
756 3564 788 3603 se
806 3547 837 3601 in
856 3553 872 3602 3
888 3547 1013 3602 blaccab.
1038 3553 1092 3604 300
1113 3549 1189 3605 Jews

77 3653 153 3693 were
180 3634 267 3689 killed
289 3634 328 3707 hy
351 3633 427 3689 their
447 3641 642 3705 countrymen.
704 3635 769 3689 And
791 3633 842 3689 the
863 3635 977 3706 stoniug
998 3632 1032 3689 of
1052 3634 1191 3708 Stephen,

77 3724 136 3781 and
156 3721 207 3779 the
230 3722 396 3794 conspiracy
417 3722 527 3792 against
545 3721 627 3783 Paul,
644 3738 718 3777 were
735 3738 773 3776 on
788 3720 838 3777 the
851 3736 929 3776 same
942 3727 1064 3793 pretext,
1079 3739 1111 3778 as
1126 3722 1190 3780 well

78 3829 110 3868 as
122 3827 209 3882 many
221 3809 304 3865 other
319 3808 461 3880 examples
475 3808 504 3861 in
517 3807 601 3861 Phile
616 3807 673 3862 and
686 3808 716 3862 in
728 3808 878 3881 Jesephus.

133 3903 151 3953 6
170 3898 210 3951 So
221 3897 281 3952 also
294 3913 398 3967 among
414 3911 499 3965 many
509 3895 635 3965 peoples,
651 3901 769 3950 masters
782 3894 911 3951 retained
924 3893 973 3949 the
985 3892 1062 3966 right
1074 3891 1108 3949 ef
1116 3910 1191 3966 pun·

78 3983 173 4055 ishing
185 3982 260 4039 their
278 3989 414 4047 servants,
431 3981 488 4035 and
503 3987 619 4052 parents
640 3979 716 4035 their
730 3982 868 4047 children,
885 3998 956 4037 eren
971 3986 1002 4036 co
1020 3979 1117 4036 death.
1153 3980 1193 4037 Se

77 4076 110 4126 at
123 4071 235 4142 Sparta,
246 4070 296 4125 the
311 4069 419 4140 Ephori
434 4066 517 4122 could
532 4075 585 4139 put
600 4084 617 4121 a
630 4068 730 4122 citizen
744 4075 775 4123 to
791 4068 878 4124 death
893 4067 1013 4122 without
1026 4066 1102 4123 trial.

134 4158 222 4212 From
236 4155 311 4210 what
326 4171 368 4209 we
382 4154 454 4209 hare
469 4155 538 4217 said,
553 4172 593 4210 we
612 4171 678 4224 may
692 4170 740 4208 see
756 4153 832 4208 what
847 4155 871 4207 is
883 4153 932 4209 the
947 4154 1015 4208 st
1029 4153 1064 4209 et
1080 4153 1192 4211 Nature

78 4244 147 4299 with
162 4243 264 4315 regard
279 4249 308 4297 to
324 4242 515 4315 punishment,
530 4243 587 4297 and
601 4241 664 4298 how
678 4240 758 4295 sarit
773 4240 936 4296 continued.

133 4331 172 4386 X.
213 4337 227 4385 l
259 4330 311 4385 We
320 4336 397 4385 must
409 4348 472 4385 now
484 4330 614 4387 consider
626 4328 753 4384 whether
765 4327 814 4383 the
826 4326 933 4399 Gespel
944 4326 1011 4382 Law
1020 4324 1071 4384 has
1081 4327 1193 4385 limited

79 4418 136 4474 this
150 4417 255 4492 liberty
270 4434 350 4475 more
364 4417 513 4493 narrewly.
553 4417 707 4491 Certainly,
721 4431 752 4472 as
767 4432 810 4471 wo
830 4414 902 4471 hare
917 4413 1069 4472 elsewhere
1083 4415 1153 4483 said,
1168 4415 1192 4473 lt
