2828 4920
234 204 298 268 422
419 213 574 272 stomun
595 214 648 271 Du
669 212 752 272 NON
777 213 936 270 TEMERE
958 213 1082 270 uultu
1102 213 1162 270 EX
1222 211 1343 283 [ΜΠ.

68 399 118 452 Μ
126 400 194 443 ⁴¹⁸⁸·
235 372 536 475 παρακινδυνεῦεινῖ
553 380 637 447 Dion
648 377 841 447 Prusaecnsis
852 379 1000 446 Tarsensi
1009 378 1126 448 altem:
1140 373 1236 450 imvm
1248 371 1344 448 desudo

234 480 288 550 rui
298 472 416 550 disson.
438 476 517 549 ἄλλ’
529 478 586 550 οὑκ
597 479 629 549 ei
638 510 672 548 τι
685 477 732 562 μὴ
743 472 864 549 δίκαιον
875 475 1005 574 πέφυκε
1017 482 1187 570 γίνεσθαι,
1201 473 1254 548 «lei
1263 476 1342 572 προς

235 582 341 649 τοῦτο
367 584 635 675 φιλονεικοῦντας
659 576 779 650 civois
804 575 1028 674 περιβάλλειν
1049 576 1173 670 ἇτότῳ
1199 580 1278 648 τινί·
1301 581 1340 648 cii

234 701 314 749 saue
334 681 393 748 boo
416 682 573 766 injustum
595 695 625 748 et
641 683 825 767 iudignum,
842 682 929 766 quod
952 682 1114 747 toleretur.
1162 683 1210 748 As
1226 683 1341 758 uenti

235 781 320 869 quid
342 780 459 867 injusti
474 783 609 854 cecidit.
634 803 693 848 uos
714 783 787 847 idco
803 781 951 847 debemus
973 783 1126 847 certandi
1140 783 1254 848 studio
1277 803 1338 848 uos·

235 892 299 948 met
315 882 525 948 incommodis
541 882 685 966 objicere.
723 881 766 946 Et
782 888 911 968 postes:
928 875 1053 975 ὥσπερ,
1070 883 1173 959 οἶμαι,
1190 876 1241 948 τὰ
1256 876 1338 972 βάρη

235 975 335 1050 ταῦτ’
365 975 406 1050 ἂν
432 977 494 1060 μὲν
522 973 656 1076 σφόδρα
674 974 783 1096 ,πιέζῃ
806 977 860 1048 καὶ
887 974 1070 1074 ἀνέχεσθαι
1094 979 1141 1062 μή
1168 972 1335 1058 δυνώμεθα,

237 1075 400 1176 ζητοῦμεν
423 1077 464 1153 eis
486 1110 640 1174 ταχιστα
662 1075 866 1172 απορῥῖφαι·
890 1076 1031 1171 μετρίως
1053 1072 1089 1148 di
1112 1076 1336 1174 ἐνοχλούμενοι

236 1185 289 1250 καὶ
304 1175 444 1273 ὁρῶντες
461 1175 611 1271 οἷνοῖγκην
626 1172 726 1249 οὖσαν
743 1175 860 1275 φέρειν
877 1172 898 1259 ἦ
915 1181 1031 1258 τοῦτο,
1050 1174 1070 1261 ἢ
1086 1178 1216 1250 τούτου
1232 1175 1336 1275 μεῖζον

234 1276 363 1375 ἕτερον,
378 1283 564 1354 σκοποῦμεν
581 1277 623 1355 uie
643 1277 845 1374 κουφότατα
868 1275 1022 1348 ἔπεσθαι·
1047 1282 1135 1347 siem
1151 1303 1265 1358 onera,
1289 1281 1337 1345 ubi

235 1383 289 1447 ita
309 1382 407 1447 ochis
423 1405 481 1448 nos
497 1394 622 1468 urgent,
646 1393 683 1447 ut
699 1383 823 1446 durare
838 1401 1044 1465 nequeamus,
1068 1383 1250 1466 querimus
1264 1381 1337 1465 abji-

234 1502 327 1548 cere:
351 1482 558 1547 mediocriter
571 1494 679 1547 autem
694 1481 809 1565 pressi,
834 1490 865 1544 ct
881 1479 977 1545 rebus
994 1470 1129 1557 talibus,
1146 1493 1184 1546 ut
1201 1493 1263 1547 aut
1279 1484 1337 1548 istc

235 1593 297 1646 aut
311 1583 472 1667 praviora
478 1584 624 1666 serenda
640 1583 717 1654 siut
737 1581 774 1645 in
788 1580 847 1644 hoe
863 1601 922 1645 uos
937 1580 1170 1665 componimus,
1193 1594 1233 1646 ut
1249 1603 1337 1667 quam

235 1682 474 1767 cupeditissime
497 1683 739 1767 subsequamur.
792 1676 947 1744 Aristides
973 1677 1078 1744 Sicula
1101 1680 1262 1746 secunde:
1286 1677 1337 1748 ὅτε

235 1776 355 1875 μείζων
379 1776 528 1874 ὁφόβος
549 1784 610 1861 τῆς
632 1771 775 1856 dissides,
802 1780 869 1851 πῶς
894 1773 952 1847 οὐκ
976 1771 1072 1868 ἄξιον
1090 1774 1336 1873 φνλάττεσθαι·

233 1882 293 1947 udi
309 1881 416 1966 major
431 1903 487 1967 spe
503 1893 605 1946 metus
621 1892 676 1958 est,
695 1881 850 1966 utromodo
866 1900 931 1943 uon
948 1891 1073 1966 tempus
1089 1892 1136 1946 eet
1151 1880 1315 1947 caueruli?

307 1980 367 2046 Vl.
411 1981 430 2045 1
464 1980 651 2066 Exemplum
679 2000 837 2044 sumemus
868 1979 910 2044 ab
936 2000 984 2055 eo,
1012 1979 1096 2065 quod
1121 1977 1207 2046 inter
1236 1979 1339 2048 Gallie

68 2089 202 2138 nutv-u·
234 2077 377 2146 civitates
400 2079 608 2144 consultatum
634 2077 706 2143 olim
729 2087 840 2144 narrat
866 2078 1012 2145 Tacitus:
1042 2079 1178 2147 libertus
1204 2103 1252 2146 an
1274 2103 1339 2166 pce

226 2181 384 2266 placeret.
432 2178 627 2245 Libertatem
650 2177 792 2266 intellige
810 2176 941 2256 civilem,
965 2177 1025 2244 hoc
1045 2188 1103 2256 est,
1118 2179 1173 2266 jus
1195 2179 1339 2269 regende

233 2300 292 2367 per
306 2300 340 2344 se
356 2278 554 2366 reipublicae:
572 2277 655 2364 quod
668 2278 721 2364 jus
738 2277 863 2364 plenum
880 2277 978 2343 estin
995 2287 1080 2344 statu
1092 2278 1250 2366 populari,
1267 2289 1340 2346 tem·

232 2388 377 2465 peretum
391 2379 423 2443 in
441 2387 526 2444 stetu
541 2378 701 2465 optimate,
720 2377 894 2464 prresertim
909 2376 974 2454 tali,
992 2377 1156 2468 ubinemo
1172 2378 1290 2445 civium
1303 2379 1340 2444 ab

232 2477 403 2544 honoribus
419 2488 573 2543 arceatur.
610 2478 724 2542 Pacem
742 2497 817 2541 vero
834 2475 939 2556 talem,
959 2498 1021 2563 qus
1035 2477 1153 2544 bellum
1168 2479 1340 2545 redimetur

64 2592 191 2681 Μελ
231 2574 468 2654 iuternecinum,
485 2576 517 2642 id
534 2585 593 2653 est,
615 2585 652 2642 ut
669 2575 778 2642 Cicero
794 2574 869 2641 alibi
887 2575 1007 2642 Graecis
1023 2575 1128 2643 verbis
1144 2577 1229 2645 hune
1245 2600 1341 2668 ques-

276 2752 336 2799 rln
350 2752 484 2799 sewinum
500 2751 595 2809 dedunt,
609 2765 638 2798 ne
647 2751 719 2812 firme
733 2765 764 2798 uc
810 2748 1209 2800 omni-mmmmm

228 2832 296 2887 peso
310 2826 456 2887 mour]
484 2827 566 2874 curuo
582 2826 764 2874 Blandmtemis
811 2809 974 2908 2⁰¹¹ssqu
982 2813 1233 2854 eumenem-rue

231 2901 256 2947 ln
265 2902 374 2947 erutione
381 2903 413 2947 ed
421 2902 611 2948 Mediolanenses
618 2902 682 2960 apud
695 2901 764 2947 Gun-
813 2881 880 2974 (yffi
886 2873 1081 2979 timnssffifffi
1088 2877 1336 2988 ffiffifflfflh.

231 2974 337 3023 therum.
353 2976 420 3036 (Lib.
433 2989 492 3022 stu.
503 2990 563 3023 vers.
576 2978 626 3032 155,
636 2981 658 3021 et
668 2975 748 3035 seqq.)
812 2989 921 3031 hibernus
928 3003 993 3042 emor,
1001 2995 1318 3048 sedulorummputmdut

289 3189 342 3245 VL
381 3193 396 3244 1
423 3190 479 3245 het
501 3207 534 3245 us
552 3190 619 3246 tske
639 3207 676 3245 sn
696 3193 825 3264 example
843 3194 919 3250 from
939 3213 958 3252 e
979 3197 1168 3254 deliberetion
1191 3197 1295 3265 which,
1314 3215 1344 3256 es

232 3275 349 3330 Tacitus
366 3274 479 3340 relates,
490 3293 546 3330 wss
560 3276 627 3330 held
642 3293 746 3348 among
753 3277 802 3333 the
817 3281 897 3336 eities
911 3283 1167 3351 substrueretur
1181 3286 1243 3357 they
1254 3287 1345 3341 would

232 3369 278 3432 try
284 3362 339 3431 sor
352 3361 463 3431 Liberty
478 3380 510 3415 ον
516 3364 571 3431 sor
585 3363 685 3418 Peuce:
702 3363 803 3429 where,
815 3365 852 3438 by
863 3361 990 3441 liberty,
1002 3387 1044 3426 we
1058 3387 1108 3427 ure
1121 3375 1153 3426 to
1167 3372 1346 3428 understand

232 3446 304 3502 civil
319 3445 444 3518 Liberty,
457 3447 565 3534 thetis,
581 3447 630 3503 tho
648 3449 723 3520 right
738 3450 773 3504 ot*
783 3454 938 3526 governing
952 3455 1137 3512 themselves:
1160 3456 1255 3512 which
1269 3458 1345 3531 right

231 3532 256 3587 is
273 3533 392 3604 plenury
406 3532 435 3584 in
450 3549 468 3586 u
482 3533 602 3604 popular
621 3541 703 3598 state,
720 3536 830 3591 limited
848 3539 878 3592 in
896 3557 933 3594 sn
948 3542 1128 3614 aristocracy,
1142 3543 1298 3617 especially
1315 3545 1345 3600 iu

181 3671 185 3679 ,
231 3634 286 3673 one
302 3620 330 3672 in
345 3617 436 3672 which
457 3635 494 3673 no
510 3637 564 3674 one
579 3621 613 3675 of
625 3620 674 3675 the
689 3621 803 3678 citizens
826 3620 849 3679 is
870 3626 1007 3683 excluded
1029 3628 1104 3683 from
1123 3628 1270 3695 honours3
1289 3631 1346 3686 und

133 3743 136 3748 -
229 3702 269 3775 by
284 3706 385 3768 Peuce,
404 3721 446 3758 we
464 3721 514 3759 ure
529 3713 559 3761 to
580 3707 754 3762 understand
778 3709 879 3765 suche
895 3728 949 3768 one
968 3731 999 3769 us
1014 3714 1037 3770 is
1055 3714 1105 3771 the
1123 3715 1297 3772 alternative
1315 3716 1348 3772 of

229 3807 267 3844 en
294 3791 468 3845 interneciuo
495 3809 560 3857 war,
583 3809 617 3847 or
641 3811 672 3848 us
693 3794 792 3850 Cicero
815 3813 886 3868 says,
910 3801 1029 3872 quoting
1052 3801 1156 3864 Greek,
1178 3800 1276 3858 where
1296 3803 1346 3859 the

229 3877 359 3947 question
372 3877 395 3930 is
407 3876 495 3932 about
510 3879 701 3951 endungering
715 3880 765 3936 the
780 3881 870 3938 whole
884 3884 1012 3942 fortunes
1026 3886 1060 3942 of
1069 3887 1119 3942 the
1134 3888 1234 3952 Statue
1249 3888 1346 3945 where

229 3962 349 4034 nothing
362 3962 416 4017 less
431 3963 500 4018 than
521 3965 569 4018 tho
584 3965 758 4022 destruction
773 3969 807 4022 of
824 3970 874 4024 the
889 3971 980 4027 whole
994 3973 1098 4044 people
1118 3975 1143 4029 is
1162 3975 1346 4046 portended3

228 4064 260 4103 ss
285 4065 340 4102 uus
362 4048 411 4103 tho
432 4050 577 4104 condition
598 4052 632 4105 of
651 4053 810 4109 Jerusalem
829 4055 962 4128 besieged
981 4059 1019 4131 by
1040 4060 1130 4116 Titus.
1176 4059 1214 4114 In
1237 4061 1347 4117 suche

229 4152 301 4200 ease,
315 4135 391 4189 what
404 4135 474 4190 Ceto
490 4137 582 4190 would
594 4137 666 4194 hare
678 4140 747 4205 said,
760 4141 822 4195 who
837 4142 922 4198 chose
937 4153 967 4199 to
983 4146 1030 4200 die
1042 4146 1139 4201 rather
1153 4144 1226 4200 then
1237 4149 1348 4204 submit

228 4228 259 4276 to
281 4222 330 4277 the
344 4223 406 4278 rulo
421 4223 455 4276 oi
472 4239 526 4277 one
547 4241 621 4288 mun,
642 4243 728 4298 every
750 4244 805 4282 one
829 4229 940 4285 knous:
965 4247 995 4286 es
1018 4232 1117 4287 Lucan
1141 4248 1205 4304 says
1229 4233 1260 4288 in
1283 4235 1348 4290 that

227 4325 300 4373 cese,
314 4310 342 4362 It
354 4310 377 4365 is
391 4328 430 4364 eu
444 4327 505 4380 easy
520 4311 629 4365 euersise
644 4315 680 4382 os
689 4315 776 4368 υἰνιιιι
791 4323 817 4368 to
828 4333 920 4388 escape
933 4317 1040 4392 slaucry
1052 4321 1087 4392 by
1100 4337 1153 4376 our
1167 4336 1231 4374 own
1248 4321 1346 4385 hunde

226 4395 283 4450 end
298 4413 384 4472 many
395 4397 478 4452 other
492 4396 586 4468 things
602 4398 632 4451 in
644 4399 694 4455 the
706 4417 783 4457 seme
795 4404 893 4461 strniu.
