2828 4920
93 245 168 302 Cae.
182 242 263 314 XX]
545 246 598 302 DE
620 247 760 303 POENIS.
1149 239 1212 303 255

96 412 145 481 ait
161 414 224 479 nad
241 418 373 479 mortem
391 432 530 500 peccare.
579 413 643 481 Sed
657 412 731 501 quia
747 411 870 480 fallacia
885 423 958 480 sunt
974 411 1041 501 ejus
1056 411 1102 479 rei
1117 435 1213 504 argu·

98 522 215 592 menta,
243 514 342 579 dictat
358 512 479 579 'caritas
503 513 658 581 neminem
684 523 803 581 temere
824 515 1002 581 habendum
1023 535 1081 603 pro
1104 514 1211 604 deplo-

98 623 180 690 rato,
199 612 243 678 ita
258 621 295 678 ut
312 613 371 679 hoc
388 612 513 700 quidem
528 614 590 682 fine
607 613 845 693 animadversio,
862 613 998 682 nonnisi
1014 637 1088 682 raro
1104 617 1210 684 admo-

99 713 185 790 dum,
203 712 305 778 loeum
322 713 440 779 habere
456 714 561 802 possit
1215 714 1230 722 ‘⁴

176 813 269 880 VIII.
311 816 330 879 1
363 813 512 881 ¹Utilitas
532 814 598 902 ejus
615 813 702 901 cujus
718 813 871 882 intererat
886 836 949 882 non
964 827 1126 904 peecatum
1142 839 1210 886 esso

98 914 133 980 in
149 935 187 979 eo
211 912 272 980 sita
289 921 346 993 est,
362 937 403 981 ne
423 916 552 1002 posthac
569 914 633 983 tale
655 914 730 1002 quid
748 916 885 1003 patiatur
908 916 1072 984 abeodem
1093 927 1148 986 aut
1167 918 1210 985 ab

98 1013 178 1081 aliis.
233 1013 351 1081 Gellius
369 1037 409 1082 ex
426 1016 531 1082 Tauro
548 1016 629 1081 hanc
651 1014 784 1104 speeiem
801 1016 845 1083 sic
868 1016 1024 1096 describit,
1043 1041 1116 1086 eum
1138 1020 1209 1105 diq·
1221 1036 1333 1124 w·

99 1118 192 1182 mitae
207 1118 428 1184 auctoritates
449 1118 517 1200 ejus
534 1118 570 1182 in
585 1138 681 1203 quem
698 1131 744 1183 est
761 1130 938 1203 peccatum
960 1121 1080 1185 tuenda
1096 1131 1152 1195 est,
1170 1141 1209 1186 me

93 1219 323 1304 proetermiasa
336 1219 582 1283 amitttadvercio
595 1229 786 1282 contemtum
799 1219 868 1302 ejus
877 1219 1000 1304 pariat
1013 1231 1043 1285 ct
1059 1221 1210 1286 horrorem

100 1319 188 1384 levet.
243 1316 307 1383 Sed
324 1318 407 1403 quod
431 1317 471 1384 dc
488 1316 675 1383 auctoritate
695 1317 769 1383 laesa
789 1317 873 1394 dicit,
896 1316 979 1383 idem
1001 1318 1041 1384 de
1064 1319 1210 1386 libertato

98 1416 249 1505 cujusque
264 1424 320 1483 aut
336 1417 397 1483 alio
409 1417 483 1505 juro
499 1417 574 1483 laeso
591 1415 826 1506 intelligendum
843 1426 901 1484 est.
953 1419 1048 1504 Apud
1066 1419 1209 1485 Tacitum
1221 1429 1368 1472 dnm-⁶¹·

99 1516 252 1606 legimus:
278 1519 458 1584 consuleret
482 1519 655 1584 securitati
672 1519 764 1600 jactu
788 1518 920 1584 ultione.
966 1518 1017 1584 Ne
1043 1518 1097 1606 qui
1117 1518 1210 1586 lesus

98 1626 148 1683 est
164 1616 330 1683 abeodem
348 1617 462 1683 malum
480 1616 629 1704 patiatur,
647 1617 748 1682 tribus
766 1617 865 1682 modis
881 1616 985 1682 curari
1001 1626 1124 1705 potest:
1145 1616 1210 1706 pri·

98 1738 185 1781 mum
208 1715 235 1781 si
256 1715 385 1783 tollatur
409 1716 463 1804 qui
482 1715 623 1802 deliquit,
648 1716 760 1782 deinde
782 1717 808 1782 si
831 1717 913 1782 vires
934 1716 1067 1782 nocendi
1088 1716 1118 1782 ei
1141 1717 1210 1784 adi·
1294 1754 1296 1759 ·

98 1824 235 1892 mantue,
252 1824 409 1902 postremo
426 1814 453 1881 si
464 1816 544 1880 malo
560 1837 615 1881 suo
631 1815 820 1882 dedocoatur
832 1815 1021 1902 delinquere,
1037 1816 1121 1904 quod
1137 1838 1209 1884 cum

98 1914 317 1981 emendatione
332 1915 374 1982 de
394 1937 458 2003 qua
469 1914 536 2002 jam
554 1915 673 2003 egimus
693 1916 888 2001 conjunctum
909 1924 966 1981 est
1017 1916 1069 1983 Ne
1082 1917 1124 1983 ab
1140 1916 1210 1985 aliis

99 2015 235 2082 laedatur
252 2014 306 2102 qni
325 2014 417 2082 laesus
433 2023 490 2092 est,
511 2015 672 2103 punitione
687 2037 750 2080 non
767 2014 885 2102 quavis,
906 2015 964 2082 sed
979 2025 1092 2104 aperta
1112 2025 1209 2106 atque

97 2115 264 2204 conspicua
280 2136 351 2203 quae
367 2114 409 2182 sd
426 2115 602 2202 exemplum
619 2114 768 2202 pertinet,
786 2115 955 2182 obtinetur.

176 2219 199 2281 2
230 2216 282 2282 Ad
303 2217 362 2281 hos
383 2237 460 2305 ergo
477 2214 563 2292 finos,
579 2224 612 2281 et
632 2214 716 2281 intra
735 2215 818 2302 aequi
834 2215 985 2282 terminos
1003 2215 1031 2282 si
1052 2215 1210 2308 dirigatur

96 2314 276 2394 vindicatio,
299 2315 394 2383 etiam
410 2314 544 2404 privata,
563 2314 589 2381 si
601 2314 655 2403 jus
678 2314 796 2381 nudum
813 2323 945 2393 naturae,
968 2315 1000 2382 id
1019 2324 1076 2396 est,
1093 2315 1211 2385 abduc·

96 2495 397 2556 sintdelictcrumqmera,
413 2492 567 2554 alioquidem
576 2507 630 2554 quta
679 2492 821 2555 Spaniam.)

96 2585 163 2631 spem
168 2571 361 2631 pvoeheatrerum
368 2568 497 2624 meliorum,
507 2582 579 2628 neque
587 2582 629 2615 cu·
722 2575 735 2600 ¹
752 2569 854 2618 Utilitas
873 2568 924 2627 dus
943 2569 1011 2628 eujus
1029 2571 1145 2620 intererat
1163 2585 1211 2619 ποι

96 2645 214 2691 rationem
230 2646 327 2706 pertitus
346 2643 481 2703 repudiant,
501 2642 555 2688 ulia
574 2656 629 2688 cere
675 2648 800 2705 peccatum
809 2642 868 2705 esse]
885 2645 967 2690 Etiam
982 2645 1054 2707 hans
1063 2647 1099 2693 rei
1112 2647 1137 2693 in
1151 2647 1210 2694 ieris

96 2722 218 2768 heminam
227 2717 562 2778 immobiliterpeccumtamr
574 2716 630 2764 huic
679 2719 884 2780 imagoqusadam.
905 2719 1210 2783 Leainadulteroepoenam

96 2796 180 2857 ymeri
189 2797 251 2856 tepea
260 2800 356 2842 mortem
365 2793 482 2840 maiorum
492 2793 579 2838 exitum
591 2805 630 2838 re·
679 2795 808 2854 camarata
840 2793 934 2843 Plinius
946 2795 1065 2845 H'uton'oe
1073 2796 1207 2846 Naturalis

91 2885 187 2932 perere,
202 2885 249 2918 aon
259 2875 308 2918 tam
323 2871 429 2929 ipsorum
443 2881 515 2928 qaam
528 2866 631 2914 &maiam
678 2868 785 2918 vuelli.

95 2951 203 2998 alierum
219 2950 287 3007 tono,
306 2947 391 3010 (Orat.
402 2959 433 2994 11.
446 2959 472 3006 p.
482 2944 513 2995 89
523 2957 552 2993 a.
579 2943 631 2997 Ed.

96 3215 134 3252 er
155 3197 293 3268 authority
315 3196 351 3270 os
368 3198 425 3251 him
448 3200 557 3270 eycinat
581 3200 668 3253 whom
690 3199 732 3252 the
755 3200 849 3269 offense
869 3200 894 3253 is
915 3198 1067 3254 committed
1086 3199 1111 3270 ia
1132 3207 1159 3254 to
1180 3200 1211 3255 its

93 3283 240 3356 protccud,
253 3284 300 3338 lest
308 3285 480 3354 punishment
495 3285 604 3340 omitted
613 3285 730 3355 produce
744 3294 875 3356 contempt
890 3285 999 3354 thereos,
1010 3285 1069 3338 arrd
1081 3285 1210 3340 dimititte

98 3371 135 3424 its
158 3371 282 3430 honour,-
303 3369 356 3424 but
375 3370 451 3424 what
472 3371 495 3424 is
518 3371 578 3425 said
602 3371 636 3426 of
657 3372 751 3442 injnry
765 3371 840 3427 douo
855 3379 885 3426 to
903 3369 1048 3442 authority
1062 3370 1085 3424 is
1099 3375 1164 3426 true
1178 3370 1213 3426 οἰ

97 3455 193 3526 injury
207 3453 282 3509 done
296 3459 327 3510 to
347 3455 460 3528 liberty,
487 3473 520 3510 or
538 3464 569 3511 to
592 3457 744 3529 anyother
757 3456 842 3528 right.
880 3456 919 3512 As
934 3457 1049 3512 Tacitus
1063 3472 1127 3529 sa5s
1140 3457 1175 3512 of
1190 3474 1211 3514 a

99 3556 213 3614 person,
227 3542 297 3594 Thac
311 3543 342 3595 he
353 3544 438 3613 mipht
449 3543 551 3598 commit
563 3544 603 3598 his
614 3545 728 3616 amusim
743 3546 776 3615 by
785 3546 844 3617 jmt
852 3543 1033 3615 pumahmeat.

144 3626 284 3712 Q
298 3627 362 3683 who
375 3627 426 3683 hus
441 3629 515 3685 been
529 3631 640 3701 injured
655 3647 721 3702 may
736 3637 788 3684 not
802 3630 888 3685 suffer
904 3628 958 3684 evil
976 3628 1051 3684 from
1064 3627 1116 3684 the
1129 3645 1208 3686 sante

97 3714 341 3787 persummupbe
356 3715 492 3787 provided
507 3717 553 3772 for
567 3718 596 3770 iu
611 3717 693 3772 three
707 3733 799 3788 ways:
828 3717 897 3781 stret,
917 3715 955 3787 by
970 3713 1019 3769 tho
1034 3715 1158 3770 removal
1176 3716 1211 3772 ot

98 3801 150 3856 the
174 3801 356 3874 delinqueut;
387 3804 499 3868 second,
516 3804 555 3876 by
576 3804 675 3876 taking
692 3820 771 3874 away
789 3801 832 3857 his
850 3819 945 3874 power
959 3800 993 3856 os
1007 3801 1094 3872 doing
1109 3800 1208 3869 harma

98 3887 215 3961 thirdly,
237 3889 276 3960 by
295 3888 427 3961 teaching
448 3889 519 3960 him,
535 3891 574 3962 by
587 3891 728 3961 suffering,
745 3895 796 3944 not
814 3896 844 3944 to
860 3887 954 3944 offentl
964 3906 972 3952 3
995 3885 1085 3941 which
1099 3886 1123 3940 is
1141 3903 1209 3942 con·

98 3961 561 4034 neffl'n'ith'ih'e'ai'nendment
584 3979 618 4033 of
637 3977 728 4033 which
745 3992 787 4030 ve
808 3975 880 4030 have
902 3973 1019 4046 spoken.
1065 3972 1140 4028 That
1158 3971 1209 4031 tlte

98 4077 203 4132 person
215 4062 346 4117 offended
357 4063 430 4118 shall
445 4071 497 4120 not
511 4065 547 4120 be
559 4065 669 4136 injured
682 4064 719 4136 by
730 4061 858 4126 another,
873 4062 896 4116 is
909 4070 939 4116 to
951 4061 987 4116 be
996 4058 1144 4133 procured,
1156 4065 1209 4116 not

98 4147 138 4219 by
149 4164 205 4219 any
217 4148 312 4202 casual
323 4150 515 4220 punishment,
524 4151 577 4207 but
587 4152 626 4226 by
636 4169 654 4207 a
666 4149 848 4224 punishment
860 4164 934 4221 open
944 4146 1001 4202 aud
1012 4147 1207 4218 conspicuous,

99 4233 192 4289 ottho
203 4240 305 4289 nature
317 4236 351 4289 of
362 4238 500 4310 example.

157 4326 176 4375 2
205 4321 253 4393 Up
268 4328 298 4376 to
314 4321 394 4378 these
406 4324 493 4381 limits
505 4325 584 4392 then,
599 4325 626 4380 if
637 4323 806 4382 vindieativc
821 4322 1005 4396 punishment
1019 4321 1056 4378 bc
1072 4319 1209 4388 directed,

98 4406 156 4464 and
167 4406 205 4465 ba
217 4407 287 4482 kept
297 4409 394 4466 within
406 4411 456 4470 the
467 4412 578 4470 bounds
589 4413 624 4471 oi
635 4413 741 4486 equity,
754 4427 826 4469 even
840 4410 866 4467 tt
880 4407 1006 4467 intlicted
1016 4407 1056 4486 by
1070 4408 1209 4485 apritats
