2828 4920
40 214 240 286 cir.x1x.]
385 218 439 274 DE
461 216 562 274 tuas
585 215 840 274 SEPULTURAE.
1106 208 1169 274 221

45 384 172 450 minem
198 403 325 458 exuere,
354 381 528 450 Claudiano
566 380 700 459 dicitur;
741 391 864 448 naturus
892 381 1027 450 dedecus
1056 379 1170 460 facere,
1184 402 1304 494 &gi-,7⁰⁰⁶-

48 485 156 551 Leoni
175 483 384 572 lmperutori:
410 482 474 567 riv
499 479 597 552 ὁσίαν
623 478 784 577 ὑβρίζειν,
801 487 866 570 fus
888 486 1022 564 uiolare,
1049 481 1171 550 Isidoro
1184 475 1288 590 ml.

49 585 235 653 Pclusiotae.
1201 576 1206 588 “

136 688 157 750 2
192 686 236 750 Et
251 682 326 771 quia
338 691 462 749 veteres
475 683 550 770 jura
572 683 640 749 haec
656 681 833 750 hominibus
848 683 929 751 bene
945 683 1075 752 moratis
1092 706 1175 752 com·

52 785 175 861 munis,
189 806 251 871 quo
269 784 427 850 sanctiora
443 783 636 863 riderentur,
653 783 695 850 ad
720 785 806 850 Deos
822 785 1003 853 referebant
1019 794 1173 864 auctores,

53 897 97 955 ut
112 883 288 974 legationis,
307 883 352 950 ita
369 893 403 951 et
416 885 475 950 hoc
488 883 541 970 jus
557 884 628 949 Diis
644 884 779 951 adscribi
792 885 905 973 passim
922 885 1070 953 ridemus.
1110 887 1175 952 lta·

54 1009 123 1074 que
145 985 179 1050 in
203 985 287 1052 dicta
310 984 466 1073 tragedia
485 986 697 1070 Suppliciter
718 978 835 1067 bvo'por
860 978 1015 1068 δαιμόνων
1032 989 1173 1052 Deorum
1186 997 1287 1040 Ver-⁶⁶³

54 1088 164 1176 legem
185 1086 301 1152 dictam
317 1084 467 1160 inuenies,
489 1093 522 1149 ct
539 1084 623 1171 apud
645 1085 830 1171 Sophoclem
854 1091 1016 1174 Antipene
1033 1085 1173 1164 Creonti,

56 1188 115 1276 qui
133 1185 316 1278 Polynicem
341 1183 467 1250 humari
491 1192 646 1261 vetuerat,
670 1185 716 1251 ita
740 1187 903 1274 respondit
925 1189 1021 1273 (vers.
1039 1189 1118 1265 460,
1141 1193 1176 1254 et
1207 1175 1210 1180 ¹

55 1291 184 1376 senui:

280 1392 405 1448 Decreta
420 1389 525 1462 quippe
538 1389 600 1446 haec
615 1407 668 1447 nec
683 1407 831 1464 supremus
845 1392 961 1467 Jupiter

280 1480 343 1534 Nec
358 1478 401 1532 ins
416 1477 544 1532 Deorum
558 1478 686 1533 Manium
701 1479 866 1546 dictaverat,

282 1565 369 1630 Qucis
383 1563 439 1618 alia
449 1564 516 1635 jura
528 1565 614 1621 debet
628 1565 785 1621 humanum
799 1583 897 1639 genus,

282 1653 345 1708 Nec
359 1650 388 1705 id
404 1651 498 1707 valere
512 1652 634 1708 credidit
644 1654 738 1724 jussus
753 1660 826 1720 tuos,

281 1739 324 1796 Ut
335 1740 402 1810 jura
416 1754 474 1792 nou
489 1739 657 1813 conscripta,
672 1739 721 1796 sed
736 1747 809 1796 nutu
823 1741 920 1797 Deum

282 1825 431 1890 Concessa,
445 1827 626 1898 sempiterna,
640 1827 768 1883 mortalis
782 1835 860 1883 satus

264 1918 267 1924 '
281 1913 398 1969 Violare
413 1929 525 1985 posses:
541 1915 689 1969 nonenim
703 1931 796 1986 nuper
809 1916 914 1987 rigent,

283 2000 341 2055 Sed
355 2016 415 2055 mro
430 1999 467 2055 ab
482 2001 575 2056 omni:
598 2001 681 2056 initia
695 2001 725 2056 in
740 2001 852 2057 occulto
863 2001 963 2058 latent.

282 2087 312 2142 N
313 2103 388 2143 onne
403 2103 472 2159 crgo
485 2087 555 2143 forti
569 2088 664 2154 corde,
679 2089 803 2161 seposito
818 2096 899 2145 metu

282 2173 413 2230 Mortalis
427 2174 488 2240 irec,
502 2191 555 2247 par
569 2174 638 2230 Deis
653 2176 764 2248 magnis
778 2175 835 2231 luit

282 2261 332 2317 lle
345 2277 446 2334 gerere
461 2261 591 2316 morem?

134 2363 157 2427 3
193 2360 349 2426 Isocrates
373 2360 519 2427 debello
544 2382 643 2450 agens
665 2361 804 2428 Theseos
831 2361 984 2430 adversus
1008 2363 1177 2430 Creontem
1189 2385 1313 2476 ΨΜ.

61 2462 108 2529 ita
124 2460 284 2548 loquitur:
317 2462 401 2543 Quis
417 2463 528 2538 nescit,
552 2464 630 2548 quis
646 2485 710 2528 non
725 2464 856 2540 didicit,
883 2464 935 2529 rel
950 2466 987 2529 in
1003 2464 1178 2548 Dionysiis

61 2587 102 2630 ea·
120 2563 362 2648 trapoediaruno
382 2563 581 2638 auctoribus,
606 2585 679 2649 quse
694 2563 842 2628 Adrasto
865 2563 959 2628 mula
978 2565 1069 2629 circa
1094 2563 1180 2630 Tne·

64 2667 124 2731 bus
141 2664 345 2749 contiperiut
364 2683 437 2728 cuns
459 2663 612 2728 reducere
628 2663 735 2728 uolens
760 2665 1072 2751 OEdipedisfilium,
1087 2684 1180 2750 pene·

63 2788 139 2831 rum
165 2776 276 2831 autern
300 2785 405 2840 suuni,
434 2761 635 2849 Arpiuorum
659 2764 824 2848 plurimos
842 2766 1005 2850 perdidit,
1031 2765 1181 2851 ipsosque

64 2868 215 2931 ductores
232 2865 319 2931 vidit
339 2865 546 2930 interemtos:
571 2865 642 2949 ipse
658 2886 732 2929 uero
749 2886 823 2930 cum
839 2866 992 2932 dedecore
1007 2875 1179 2949 superstes,

65 2989 140 3032 cum
156 2967 312 3031 inducias
336 2966 384 3029 ad
400 2965 583 3029 icurnandos
601 2975 745 3030 ruortuos
767 2965 909 3031 obtinere
925 2987 991 3031 non
1006 2966 1179 3050 potuisset,

65 3065 366 3152 suppurationes
390 3066 489 3142 venit,
517 3085 617 3148 quam
641 3076 717 3129 tnnc
739 3067 906 3131 civitatem
930 3066 1071 3131 Theseus
1092 3086 1181 3150 repe·

66 3169 134 3243 bat,
153 3186 285 3248 euntque
301 3165 410 3231 orauit
427 3184 466 3228 ne
482 3163 572 3227 uiros
589 3164 671 3229 tales
685 3166 864 3251 insepultos
872 3165 985 3249 jacere
993 3187 1059 3253 pro
1075 3165 1181 3232 nihilo

64 3269 208 3342 duceret,
226 3286 301 3331 neue
316 3275 495 3350 pateretur
505 3263 701 3348 proculcari
726 3266 900 3351 antiqrnnn
926 3284 1055 3343 morena
1082 3277 1113 3332 et
1121 3265 1182 3350 jus

62 3465 160 3508 nature
174 3457 251 3518 leges.
266 3455 325 3504 Eur.
341 3452 411 3503 Isset.
422 3465 481 3501 rur.
492 3452 530 3503 1s.
545 3450 600 3514 (Dc
693 3437 706 3473 ⁵
721 3437 809 3497 Nipor
819 3436 952 3500 ⁰⁸⁶·:15Wl
969 3439 1183 3500 S⁰Pl¹⁰⁰¹²⁵¹4iw

61 3534 201 3595 Martyrib.
219 3531 345 3580 Peioestirr.
362 3543 416 3589 cap.
432 3528 455 3576 9.
470 3541 527 3588 pag,
545 3528 599 3574 425,
650 3515 720 3574 (vers.
730 3516 814 3570 1149.)
826 3515 889 3562 idem
900 3515 963 3564 θεῶν
977 3517 1065 3578 νόμους
1080 3517 1142 3564 dixit
1156 3517 1183 3565 in

61 3611 136 3660 Edit.
151 3608 293 3669 Cantabrip.
308 3605 385 3654 Valet.
396 3603 476 3664 1720.)
651 3595 778 3656 Arrtu'qone.
794 3592 868 3652 (vers.
878 3591 945 3654 402.)

61 3850 210 3920 disgraces
220 3843 379 3918 humanity,
393 3860 424 3899 as
436 3843 513 3906 Ldos
536 3837 637 3894 insulta
651 3834 785 3903 decency,
799 3847 829 3886 ss
844 3828 953 3886 Isidore
968 3845 1040 3902 seyr.

130 3927 156 3989 2'
170 3933 240 3990 'l'his
254 3931 338 4005 right,
354 3949 384 3987 as
399 3931 485 4000 bcing
505 3942 636 3983 common
652 3930 682 3977 to
697 3921 735 3975 ull
750 3917 875 3974 cirilized
894 3934 969 3982 men,
985 3932 1041 3971 rrae
1056 3913 1183 3973 referred

60 4028 97 4079 to
113 4019 165 4076 the
187 4019 257 4091 gods
280 4037 311 4074 as
333 4021 370 4073 its
394 4016 518 4073 authors.
567 4014 605 4068 So
621 4012 651 4065 in
672 4008 722 4064 the
735 4006 875 4078 Supplices
890 4003 923 4060 of
939 4002 1108 4075 EurIpidcsr
1133 4001 1184 4058 the

58 4107 204 4178 Antipera
219 4105 253 4160 of
265 4104 429 4177 Sophocles.
479 4094 570 4173 [See]

121 4200 140 4249 3
164 4193 203 4247 So
214 4192 354 4247 leocrates
367 4191 396 4244 in
408 4189 516 4246 several
528 4186 652 4261 places*‚
664 4181 836 4244 Herodotus,
850 4176 1003 4243 Diodorus,
1012 4175 1184 4250 Xenophon,

56 4281 167 4356 Lysias
182 4278 239 4335 nnd
251 4277 419 4348 Aristidcs'r.

189 4399 203 4425 ⁸
218 4398 272 4445 The
281 4411 384 4460 passage
394 4399 470 4446 about
477 4397 520 4444 the
530 4394 646 4443 Thebans
654 4391 676 4439 is
685 4387 797 4449 wronglp
806 4381 913 4446 applied.
938 4381 965 4432 J.
976 4380 1008 4434 B.

75 4514 80 4521 .
184 4475 272 4536 ‘sune
282 4489 385 4537 passage
395 4475 424 4522 ot'
431 4475 553 4524 Aristides
563 4473 589 4520 tn
599 4469 711 4532 wronglp
720 4464 829 4528 applied.
859 4460 929 4511 Ml.
