2828 4920
71 165 142 222 Can.
157 163 268 236 xva]
303 163 571 223 ouuluhulonu
594 167 687 234 QUAE
710 167 807 224 Inna
830 167 990 227 ORITUR.
1125 162 1187 229 199

69 332 163 411 ratio,
190 354 262 421 quae
286 331 324 400 tit
350 332 450 422 oulpae
478 332 680 411 confessione,
706 327 911 403 ¹exhibitione
936 333 1074 415 honoris,
1098 336 1188 405 testi·

69 434 174 501 monio
191 433 387 513 innocentia,
411 445 445 502 et
461 456 519 524 per
536 455 575 501 ea
597 457 669 522 quae
686 435 737 501 his
757 435 869 504 similia
890 447 983 506 sunt:
1009 459 1188 526 quanquam

69 545 104 602 et
129 535 262 625 pecunia
283 535 347 603 taio
371 536 520 604 damnum
545 536 678 625 rependi
701 537 828 624 poterit,
850 539 877 605 si
895 540 988 608 laesus
1005 538 1094 620 uelit,
1114 538 1189 630 quia

68 636 204 726 pecunia
220 636 391 703 communis
408 644 580 705 astrorum
597 636 719 705 utilium
737 659 893 708 mensura

114 813 122 850 ¹
136 815 294 864 Eshs‘bs'tionc
302 815 409 872 honoria
425 816 556 864 testimonio
566 816 605 862 tn·
654 816 815 864 accusationis
830 817 928 880 injustas
942 817 1087 881 poenitentia
1099 817 1188 866 duem

67 890 193 955 aoceatiae]
208 891 273 941 vide
287 891 426 955 exemplum
442 891 547 951 viviani,
561 891 605 954 qui
655 897 702 949 est,
717 893 783 954 apud
794 893 965 942 cassiodorum
976 907 1013 945 su.
1022 897 1061 944 41.

68 1141 110 1220 hy
124 1145 285 1205 confession
299 1147 395 1206 ottho
408 1148 492 1216 fault,
512 1149 725 1206 manifestafion
740 1149 773 1206 of
785 1151 905 1220 respect,
918 1143 1074 1217 testImony
1087 1143 1122 1200 of
1135 1142 1187 1201 the

68 1235 228 1310 innocency
251 1236 285 1292 of
307 1236 358 1292 the
382 1237 574 1293 calumniated
597 1254 709 1309 person,
732 1236 789 1292 und
810 1235 861 1291 tho
884 1232 959 1288 like:
982 1230 1094 1304 though
1116 1231 1188 1288 such

69 1321 191 1394 damage
212 1340 279 1396 may
293 1323 354 1380 also
368 1322 405 1379 be
425 1325 628 1396 recompeuscd
650 1323 689 1397 by
708 1340 820 1396 money,
842 1321 868 1376 if
887 1319 937 1376 tha
952 1317 1064 1390 injurcd
1082 1334 1187 1392 person

68 1408 191 1478 choese3
209 1409 332 1468 because
343 1427 448 1485 money
458 1411 483 1468 is
495 1409 545 1469 the
556 1427 688 1468 common
702 1426 831 1468 measure
845 1406 880 1465 ot
891 1405 1023 1466 ualuable
1037 1404 1141 1478 things.
