2828 4928
213 251 277 319 eso
662 259 715 316 nu
737 258 876 316 rmum.
1190 249 1285 343 tuln
1298 254 1354 344 11..

49 451 174 495 raucam
213 443 343 505 natura
356 430 460 497 euenit
476 439 514 495 ut
530 429 645 496 melior
660 429 803 542 pequiori
818 429 963 512 imperet.
1015 393 1059 490 Et
1081 394 1287 492 Aristoteles
1290 422 1338 493 eit

215 531 374 599 deteriora
387 538 567 617 comparata
580 551 647 595 esse
660 528 693 593 in
710 549 799 594 usum
816 525 990 603 meliorum,
1012 533 1078 592 tam
1094 522 1128 590 in
1144 521 1196 590 his
1218 544 1295 612 quae
1314 545 1353 592 a*

214 639 426 710 ueteranum,
441 651 535 716 quam
552 650 623 717 qum
639 629 680 695 ab
697 637 775 694 arte.

292 731 315 796 2
349 729 408 796 cui
428 750 618 816 consequens
641 737 698 805 est,
721 738 758 794 ut
779 726 889 792 saltem
911 725 954 792 ab
975 746 1066 812 aeqne
1087 733 1222 794 nocente
1238 748 1333 816 seque

218 851 334 898 nocens
350 829 455 917 puniri
470 851 534 895 non
550 828 682 895 debent:
707 849 770 914 qno
785 825 904 894 Christi
915 824 1071 891 sententia
1087 825 1247 912 pertincte
1271 831 1333 916 qui
1371 912 1376 921 .

218 940 358 999 uestrum
380 932 450 997 sine
463 942 598 1014 peccato
618 941 664 995 cst
681 928 751 1012 (tali
767 927 894 1010 scilicet)
911 927 1062 1012 primum
1085 927 1231 1012 lapidem
1253 932 1332 994 mit.

219 1043 281 1108 tat,
298 1030 372 1098 Job.
386 1028 451 1094 ciii.
468 1030 499 1097 7.
541 1028 634 1107 Quod
646 1027 717 1094 ideo
730 1027 821 1106 dixit,
834 1025 908 1112 quia
922 1046 960 1090 eo
975 1024 1089 1090 saeculo
1101 1025 1332 1114 corruptissimi

218 1139 311 1198 erent
334 1129 520 1197 Judoeorum
546 1149 658 1204 mores,
683 1128 762 1194 adeo
785 1136 822 1193 ut
846 1125 901 1214 qui
922 1123 1106 1190 sanctissimi
1124 1124 1226 1191 videri
1243 1126 1332 1194 role-

216 1229 304 1312 bnnt‚
321 1228 355 1294 in
370 1227 533 1295 adulteriis
555 1236 589 1295 et
605 1227 754 1294 similibus
776 1226 901 1315 flagitiis
916 1224 1144 1303 volutarentur,
1164 1232 1203 1291 ut
1217 1225 1333 1294 videre

216 1337 267 1396 est
290 1329 381 1394 Rom.
398 1327 429 1392 ii.
450 1329 503 1394 22.
551 1328 641 1393 Idem
663 1349 740 1416 ergo
760 1327 844 1413 quod
869 1324 1012 1394 Christus
1034 1325 1168 1402 dixerat,
1190 1324 1277 1393 dixit
1298 1336 1333 1394 et

216 1427 404 1518 Apostolus:
436 1440 635 1515 quapropter
661 1428 898 1494 inaccusabilis
927 1449 969 1503 es,
997 1447 1017 1492 o
1041 1427 1144 1503 bomo,
1177 1428 1334 1514 quisquis

216 1530 326 1595 alium
343 1530 506 1594 damnas:
529 1551 583 1594 uo,
599 1582 607 1592 .
624 1531 683 1594 Ιιοο
700 1530 771 1614 ipso
786 1530 873 1614 quod
888 1529 1030 1593 damnas
1046 1528 1199 1604 aiterum,
1226 1538 1260 1594 te
1280 1530 1333 1616 ip·

217 1651 290 1695 eum
302 1630 506 1721 condemnes,
522 1631 653 1715 quaudo
669 1631 781 1694 eodem
788 1629 885 1713 focis
898 1640 934 1693 tu
947 1630 1005 1714 qui
1017 1617 1163 1694 alterum
1173 1630 1332 1697 dammas.

217 1727 301 1794 lllnd
326 1728 454 1794 Senecae
479 1729 540 1794 huc
562 1728 718 1814 pertinet:
745 1750 812 1793 nou
830 1739 940 1814 potest
966 1729 1067 1792 uilem
1093 1731 1334 1796 auctoritatem

194 1829 335 1914 ¹tuebere
351 1831 520 1906 sententia,
541 1830 600 1894 ubi
616 1831 674 1914 qui
691 1830 901 1894 damnandus
920 1839 968 1893 est
988 1830 1136 1893 damnat.
1180 1829 1225 1894 Et
1243 1828 1334 1908 alibi,

216 1929 337 2012 ‘faciet
360 1951 420 1994 uos
439 1930 671 1994 moderatiores
693 1941 855 2013 respectus
876 1930 991 2003 nostri,
1017 1930 1049 1994 si
1070 1929 1334 1996 consuluerimus

215 2050 284 2106 uos,
302 2030 482 2114 ‘numquid
498 2039 529 2092 ct
545 2030 612 2113 ipsi
629 2029 760 2110 aliquid
777 2029 841 2092 talc
859 2016 1106 2094 commisimus?
1143 2028 1335 2095 Ambrosius

52 2135 157 2178 1³²ss
215 2127 361 2218 apologia
377 2126 529 2193 Davidis:
546 2128 771 2213 unumquisque
788 2127 828 2192 de
841 2128 910 2192 alio
918 2127 1136 2210 judicaturus
1151 2129 1194 2193 cle
1207 2151 1241 2207 se
1256 2131 1334 2216 ipm

208 2230 360 2315 primum
375 2227 514 2312 judicet,
537 2248 599 2292 uec
615 2229 746 2291 minora
762 2229 798 2290 in
821 2227 892 2292 alio
910 2238 1026 2293 errato
1042 2228 1230 2296 condeceret
1255 2251 1335 2296 cum

215 2327 286 2415 ipss
299 2328 463 2415 praviora
477 2328 684 2393 commiserit.

292 2428 352 2497 IV.
397 2430 417 2493 1
452 2426 563 2493 Altera
577 2423 708 2513 quaestio
725 2433 773 2492 est
787 2425 828 2492 de
844 2425 906 2491 fune
922 2424 1022 2512 poenis
1036 2424 1208 2513 proposito.
1243 2429 1334 2495 Nam

216 2546 288 2614 qum
304 2526 438 2592 diximus
454 2526 605 2592 hactenus
621 2525 654 2591 id
671 2525 825 2592 duntaxat
845 2526 1025 2603 ostendunt,
1046 2526 1232 2594 nocentibus
1248 2527 1334 2616 inju-

215 2626 295 2693 riam
318 2649 382 2693 non
399 2625 469 2693 fieri
485 2626 511 2692 si
532 2624 712 2715 puniantur.
764 2624 843 2693 ludo
858 2646 934 2693 vero
956 2647 1020 2692 non
1036 2626 1178 2715 sequitur
1201 2628 1333 2696 omnino

258 2800 515 2849 ⁴1’roceuenelocns
535 2799 633 2847 ubinam
657 2803 744 2857 exstet,
793 2800 853 2860 peri,
868 2800 972 2860 priorem
988 2799 1067 2847 locum
1083 2814 1133 2847 non
1148 2802 1332 2851 essel’hiloeo·

214 2875 322 2925 divinare
338 2890 448 2938 nequeo:
469 2876 566 2922 Auctor
582 2876 645 2922 enim
665 2889 745 2936 neque
794 2876 844 2936 phi,
860 2875 902 2921 sed
917 2875 981 2921 illius
996 2876 1038 2935 qni
1053 2878 1169 2924 mentitus
1185 2882 1224 2925 est
1238 2892 1333 2928 nomen

214 2950 275 3008 heic,
286 2949 646 3011 nequeinAdnotationibnsnd
655 2949 744 2997 Jonnn.
795 2951 899 3006 Senccoe,
914 2950 939 2995 in
952 2950 1014 2996 libro
1027 2949 1068 2996 De
1076 2951 1199 3000 Renudiis
1206 2954 1334 3014 samito.

214 3026 264 3074 viil.
273 3027 298 3075 7.
315 3026 358 3072 ubi
368 3025 457 3072 similes
469 3025 597 3085 congessit,
612 3024 690 3070 ullum
706 3024 743 3069 in·
794 3038 853 3080 rum,
864 3024 1056 3085 undeExcerptn
1066 3027 1174 3086 eubJectn
1184 3029 1260 3076 etism
1270 3031 1332 3079 Edi.

214 3102 303 3150 dicium
330 3102 380 3160 det,
408 3101 472 3148 uude
496 3100 636 3160 investigari
661 3104 742 3160 quent.
794 3099 900 3144 tionibus
913 3098 989 3159 Lipsii
1004 3104 1030 3146 ct
1046 3096 1176 3161 Gronorii3
1198 3104 1240 3151 ubi
1256 3106 1332 3156 facile

214 3177 262 3225 Hic
271 3182 353 3224 nutem
363 3178 453 3238 legitur
467 3176 506 3222 De
516 3176 570 3231 Iro,
584 3175 638 3221 Lib.
650 3187 679 3221 rr.
690 3188 743 3234 cnp.
789 3173 841 3232 jum
852 3177 889 3219 est
905 3173 1012 3220 invenire
1026 3175 1078 3220 hoec
1090 3178 1171 3235 verbs,
1186 3192 1266 3240 quum
1277 3182 1333 3228 Ex.

212 3256 251 3303 28.
282 3253 331 3302 Sed
347 3253 515 3315 postprimnm
524 3252 662 3298 Editionem
678 3263 744 3296 conn-
793 3248 968 3309 cerptabrevin
976 3249 1033 3296 sint.
1062 3249 1134 3298 Μ.

268 3507 285 3555 2
306 3500 335 3556 lt
348 3500 510 3565 sollennes
524 3518 543 3555 a
557 3516 749 3570 consequence
761 3499 795 3553 ot
808 3498 873 3565 this,
884 3499 949 3555 that
963 3500 1013 3556 the
1027 3500 1155 3557 offender
1169 3500 1263 3574 ought
1275 3510 1330 3561 not

212 3589 244 3640 to
256 3586 294 3641 be
305 3585 445 3657 punished
459 3587 498 3657 by
511 3603 566 3640 one
585 3585 647 3640 nho
665 3586 715 3639 hus
731 3586 862 3640 offended
875 3587 996 3659 equally,
1013 3605 1045 3642 as
1060 3588 1154 3643 Christ
1171 3589 1243 3653 said,
1255 3591 1327 3648 Joh.

212 3671 270 3726 viii.
285 3675 310 3735 7,
326 3671 371 3726 He
385 3672 477 3726 tbutis
491 3673 603 3725 without
615 3672 659 3725 ein
673 3690 773 3741 animem
784 3691 840 3743 you
851 3671 928 3739 (that
942 3675 974 3739 is,
986 3674 1057 3728 such
1070 3672 1128 3742 sin)
1143 3675 1177 3728 let
1197 3675 1256 3728 aim
1268 3687 1329 3732 east

212 3758 254 3813 mc
268 3759 335 3831 first
352 3767 434 3813 stoue.
471 3757 536 3812 And
558 3757 614 3812 this
639 3758 676 3812 he
697 3759 768 3821 said,
789 3757 838 3812 tho
856 3759 931 3813 Jews
949 3759 1035 3830 being
1052 3776 1121 3831 very
1137 3758 1247 3814 wichad
1266 3763 1328 3817 und

211 3843 376 3900 adulterans
398 3851 429 3899 at
447 3843 510 3899 that
527 3845 605 3907 time,
622 3845 705 3898 Rom.
720 3845 748 3898 ii.
767 3850 819 3907 223
841 3843 934 3899 where
952 3845 1002 3900 the
1020 3845 1138 3916 Apostle
1159 3861 1224 3918 says
1246 3847 1328 3904 what

212 3929 373 3985 Christhad
382 3930 451 3985 said
486 3931 595 3985 Seneca
606 3947 669 4002 says
684 3929 733 3985 the
746 3947 842 3997 same;
856 3931 913 3985 and
927 3931 1075 3996 Ambrose,
1086 3932 1117 3986 in
1134 3929 1184 3985 tbe
1199 3934 1329 4008 apology

211 4015 246 4070 of
259 4015 362 4071 David.

264 4101 316 4157 IV.
354 4108 368 4158 1
392 4102 521 4157 Another
532 4103 662 4174 question
679 4103 702 4158 is
715 4103 748 4157 oi
759 4103 809 4159 the
823 4103 888 4158 Eud
903 4104 936 4158 of
948 4104 1139 4176 punishment.
1172 4105 1233 4161 For
1246 4107 1329 4164 what

209 4185 261 4243 hes
276 4187 349 4243 been
367 4189 428 4244 said
445 4189 570 4244 hitherto
585 4189 652 4260 only
666 4206 767 4260 proces
787 4189 851 4244 that
865 4199 1066 4262 transgressore
1081 4190 1154 4247 have
1170 4208 1209 4246 no
1224 4210 1329 4268 wrong

210 4272 285 4328 (lone
300 4274 378 4330 tbcm
394 4276 420 4330 if
430 4275 498 4347 they
512 4292 561 4328 arc
573 4275 721 4345 punisbcd.
759 4277 817 4330 But
830 4276 903 4330 from
922 4278 992 4340 that,
1006 4278 1029 4332 it
1044 4279 1112 4333 does
1125 4284 1178 4334 not
1191 4295 1328 4336 necessa-

127 4369 129 4372 ·
209 4359 265 4430 rily
276 4360 370 4415 follow
382 4362 446 4416 that
457 4362 526 4433 they
538 4370 612 4415 must
623 4361 815 4434 bcpunishcd.
852 4364 913 4418 Nor
926 4364 948 4418 is
960 4365 983 4418 it
997 4381 1162 4437 necessum
1177 4365 1224 4420 for
1235 4383 1330 4440 many

209 4444 350 4502 offenders
362 4466 411 4504 aro
425 4448 571 4520 pnrdouecl
582 4447 626 4502 lor
641 4466 725 4520 many
739 4448 832 4519 things
846 4449 916 4504 both
928 4450 966 4522 by
982 4450 1046 4506 God
1058 4452 1114 4506 and
1127 4453 1256 4524 hymen,
1266 4454 1330 4508 end
