2828 4920
249 235 294 302 au
614 243 669 303 na
690 242 997 303 courascrmna
1244 239 1323 314 [nn
1336 231 1374 298 ru

250 409 420 499 impendia,
437 410 581 480 serantur
604 432 627 479 a
648 412 781 480 dominis
803 411 930 480 nudum
950 419 984 479 et
1007 406 1156 477 merdam
1173 409 1260 496 ¹¹pro
1276 414 1356 495 parte

250 532 347 600 quam
375 510 495 579 habent
520 512 554 579 in
579 535 617 580 ea
642 535 773 580 summa.
825 514 870 580 Et
893 511 963 579 hmc
987 510 1126 599 quidem,
1141 528 1216 597 qum
1231 507 1352 575 diximus

250 609 413 687 brunus,
429 610 490 699 ipsi
501 610 569 699 jari
585 622 708 680 naturm
724 621 798 680 sunt
814 621 1032 679 consentanca

328 711 451 779 xxvl.
506 716 524 778 l
559 713 628 780 h'ce
644 713 676 779 in
693 712 744 779 his
757 714 832 801 jure
848 711 990 803 gentium
1007 707 1184 777 uoluntario
1201 708 1356 797 quiequam

251 819 407 880 mutatum
433 822 587 900 apparete
617 836 680 880 uno
703 823 844 902 excepto,
870 811 955 900 quod
977 809 1176 898 inaequalitas
1200 832 1309 877 reram
1331 809 1359 875 in

254 933 349 999 quam
379 933 562 978 consensum
589 923 649 990 est,
680 913 754 980 ⁵ubi
780 934 838 980 nec
866 909 1062 978 mendacium
1091 909 1280 989 intercessit,
1308 931 1362 977 nee

254 1010 323 1099 ejus
340 1011 425 1100 quod
444 1011 562 1078 dictum
578 1013 718 1099 oportuit
743 1013 918 1089 reticentia,
945 1009 978 1077 in
1001 1008 1177 1077 sedenibus
1200 1011 1365 1078 exterieri·

206 1189 209 1196 Ι
251 1110 311 1178 bns
332 1132 393 1199 pro
418 1110 597 1197 aequalitate
620 1112 777 1179 hahetur:
798 1113 844 1180 ita
860 1123 898 1180 ut
913 1110 1069 1199 quomodo
1080 1108 1156 1197 jare
1177 1109 1263 1177 ciuili
1288 1108 1367 1178 ante

252 1208 505 1278 comtitutionem
532 1210 719 1278 Diocletiani
744 1214 826 1280 aetio
852 1212 885 1278 in
907 1207 1076 1278 foronulla
1097 1207 1236 1276 dabatur
1252 1211 1369 1278 adver·

252 1331 306 1377 sus
334 1309 432 1378 talem
458 1309 713 1397 inaequalitatem,
738 1312 784 1379 ita
809 1334 867 1378 nec
892 1311 976 1379 inter
992 1331 1047 1377 eos
1062 1308 1119 1397 qui
1129 1308 1206 1397 jura
1221 1310 1371 1398 gentium

251 1410 319 1477 solo
341 1409 500 1477 sociantur
526 1411 649 1477 exactio
674 1421 732 1480 aut
755 1412 874 1479 coactio
894 1411 936 1479 sit
956 1432 995 1478 eo
1008 1408 1142 1476 nomine.
1191 1408 1268 1476 Hoc
1284 1409 1372 1477 emim

84 1531 239 1621 ww
252 1519 302 1577 est
328 1509 413 1598 qnod
439 1509 485 1576 ait
513 1510 712 1598 Porponius,
744 1512 779 1577 in
807 1511 910 1601 pretio
937 1509 1125 1578 venditionis
1153 1518 1188 1578 et
1218 1509 1373 1578 emtionis

97 1626 150 1667 ..22

84 1626 235 1714 Lupa-n
252 1609 439 1676 naturaliter
456 1609 551 1677 licere
571 1632 606 1676 se
626 1623 735 1677 mutuo
757 1611 1002 1679 circumvenire:
1028 1610 1082 1677 nbi
1106 1610 1203 1678 licere
1229 1618 1282 1678 est
1304 1633 1372 1677 non

251 1709 446 1798 quidem‘t'as
469 1732 547 1787 esse,
573 1711 631 1777 sed
656 1711 701 1777 ita
721 1711 862 1799 permitti
883 1720 920 1777 ut
941 1712 1060 1777 nullum
1077 1719 1189 1779 eontra
1203 1710 1373 1799 proditum

250 1809 294 1876 sit
309 1809 482 1877 remedium
498 1809 531 1876 in
548 1832 619 1876 eum
636 1810 690 1897 qui
706 1834 740 1876 se
758 1822 850 1898 pacto
867 1811 945 1878 uelit
964 1811 1144 1878 tetendero.

244 1985 248 1993 ¹
329 1911 351 1976 2
380 1910 594 1977 ⁰Naturaliter
611 1921 717 1976 autern
735 1932 772 1976 ee
789 1911 822 1976 in
838 1910 918 1988 loco,
936 1919 972 1977 ut
988 1923 1022 1978 et
1035 1909 1111 1978 alibi
1126 1910 1298 1990 interdum,
1311 1933 1373 2001 pe-

250 2009 346 2078 situm
365 2019 414 2076 est
431 2032 489 2099 pro
504 2032 542 2077 eo
560 2010 643 2097 quod
657 2009 776 2098 recepti
794 2009 908 2098 passim
919 2011 1015 2077 meris
1031 2022 1094 2078 est:
1110 2012 1269 2098 quemodo
1280 2013 1374 2100 apud

84 2122 230 2166 wem*
250 2110 435 2200 Apostolum
468 2110 601 2176 Paulum
630 2109 699 2196 ipsa
731 2119 845 2175 natura
878 2110 991 2177 docere
1024 2111 1139 2177 dicitur
1173 2109 1243 2179 uiro
1271 2120 1372 2201 turpe

249 2232 318 2277 esse
340 2232 460 2276 comam
484 2210 581 2287 alere,
605 2231 675 2275 cum
693 2219 799 2274 tamen
820 2209 854 2275 id
875 2231 977 2297 neque
999 2218 1156 2299 repugnet
1178 2218 1315 2290 natnrm,
1335 2222 1373 2280 et

250 2309 366 2376 multos
381 2310 467 2398 apud
483 2308 613 2397 populos
630 2309 779 2375 usitatum
796 2309 845 2375 sit
889 2309 941 2375 Sic
966 2307 1120 2376 idolorum
1137 2310 1280 2399 cultores,
1304 2334 1371 2378 non

248 2419 355 2477 antem
379 2409 505 2496 quosvis
521 2409 662 2475 homines
688 2406 789 2500 φύσει
806 2410 975 2486 ματαίους,
994 2409 1102 2489 idest,
1119 2423 1247 2477 actara
1262 2434 1372 2480 aanor

248 2509 388 2598 appellat
419 2509 554 2598 scriptor
584 2508 657 2575 libri
693 2508 874 2596 Sapientior,
905 2517 939 2575 et
977 2505 1080 2579 τέκνα
1116 2505 1217 2607 φύσει
1256 2508 1369 2606 ὀργῆς

294 2676 306 2703 ¹
321 2669 375 2716 Pro
383 2674 455 2730 parte
464 2683 537 2730 quam
546 2669 632 2715 habeut
642 2671 667 2714 u'ru
677 2682 706 2714 ea
716 2682 780 2713 sam·
830 2683 885 2730 cap.
896 2669 919 2715 3.
933 2667 981 2729 §a
1012 2667 1040 2716 J.
1050 2667 1084 2716 Β.

247 2741 300 2805 aaa]
321 2744 385 2792 Vide
400 2745 477 2790 simile
494 2745 518 2790 in
534 2744 551 2790 l.
569 2744 781 2804 wisigotthorum,
874 2753 886 2776 ⁰
901 2742 1059 2790 n'amrattar
1070 2747 1149 2790 anteat
1163 2757 1192 2790 eo
1206 2744 1232 2790 its
1242 2743 1308 2806 loeo]
1326 2747 1370 2794 ste
1406 2757 1409 2761 '

248 2817 324 2865 Libro
335 2831 361 2867 u.
372 2819 411 2865 tit.
422 2833 445 2864 u.
456 2833 477 2867 e.
488 2821 511 2866 ὃ.
832 2817 933 2877 Gellius,
947 2818 1002 2865 Lib.
1015 2830 1056 2866 tx.
1069 2832 1089 2865 a.
1099 2821 1138 2866 10.
1154 2818 1184 2865 de
1193 2818 1261 2866 Actus
1273 2819 1370 2879 Conist-

252 2887 255 2890 ⁴
295 2893 307 2923 ⁸
322 2893 414 2941 Confer
424 2892 484 2940 'heic
501 2893 711 2940 Pus-anmantuus
724 2907 781 2940 nos·
829 2895 882 2954 gali
889 2909 898 2940 .·
915 2907 964 2939 rem
974 2898 1068 2940 wataroe
1077 2894 1128 2955 tepus
1137 2895 1302 2954 operiendam⁸

249 2975 325 3029 mm,
340 2971 381 3018 De
395 2971 459 3018 Jure
473 2969 535 3017 Nat.
553 2974 576 3018 et
593 2970 663 3018 Gcmt.
683 2971 738 3017 Lih.
755 2983 779 3015 v.
874 2967 885 2996 ⁸
900 2969 960 3016 l'ost
977 2970 1079 3029 primam
1091 2969 1161 3016 isthus
1172 2968 1263 3031 Operis
1278 2984 1370 3020 renem

248 3227 312 3283 tion
323 3225 473 3283 thelenses
484 3221 575 3278 which
588 3221 654 3277 take
669 3221 758 3293 place,
773 3237 877 3292 among
888 3219 980 3277 which
994 3220 1106 3278 arethe
1120 3237 1257 3294 expensas
1269 3221 1305 3278 ef
1313 3221 1369 3278 the

248 3312 389 3370 wennded
404 3328 479 3376 men,
497 3327 601 3380 among
616 3309 665 3362 tho
685 3325 792 3363 owners
808 3308 841 3362 of
853 3308 902 3363 the
916 3309 995 3380 shIps
1009 3308 1066 3363 and
1080 3325 1196 3380 cargees
1210 3309 1369 3381 according

249 3405 281 3456 to
292 3398 369 3455 their
379 3399 545 3471 proportion
558 3396 591 3450 of
603 3395 665 3449 that
680 3412 752 3448 snm.
788 3394 854 3448 And
869 3394 944 3450 what
963 3412 1006 3452 we
1020 3395 1092 3451 haue
1106 3394 1233 3451 hitherto
1247 3394 1311 3451 said
1326 3411 1368 3452 en

194 3517 196 3520 <
249 3484 307 3542 this
321 3485 431 3554 subject
445 3485 469 3538 is
484 3482 631 3554 agreeable
647 3489 677 3535 to
692 3480 814 3535 Natural
828 3481 903 3536 Low.

307 3570 419 3625 XXVI.
450 3576 465 3623 1
487 3569 550 3623 Nor
565 3569 594 3621 ln
610 3567 689 3622 these
702 3574 819 3622 matters
832 3568 854 3622 is
869 3566 1006 3640 anything
1021 3567 1149 3640 changed
1163 3567 1202 3641 by
1216 3566 1268 3625 the
1282 3568 1366 3624 insti-

248 3656 331 3714 tuted
343 3657 410 3710 haw
423 3654 456 3710 of
463 3655 600 3718 Nations3
622 3655 772 3724 exeepting
784 3652 839 3708 this
851 3655 927 3726 only,
942 3653 1005 3709 that
1016 3656 1042 3709 it
1052 3672 1090 3708 an
1102 3655 1258 3726 inequality
1271 3655 1306 3709 of
1313 3654 1367 3711 the

249 3742 456 3800 contributions
469 3741 505 3796 bo
520 3741 623 3811 agreed
638 3757 723 3810 upon,
739 3739 803 3802 this,
815 3738 908 3795 where
920 3739 1001 3794 there
1017 3742 1040 3794 is
1056 3740 1168 3795 neither
1182 3739 1254 3794 false
1268 3740 1366 3796 deela-

249 3831 343 3886 ration
358 3846 411 3886 nor
426 3828 566 3883 reticence
587 3826 620 3881 ol
635 3827 710 3881 what
731 3826 819 3896 ought
835 3836 864 3881 to
883 3826 953 3880 hare
968 3826 1041 3881 been
1056 3826 1125 3890 said,
1146 3827 1170 3880 is
1187 3827 1218 3880 in
1238 3827 1366 3881 exterior

249 3918 358 3972 actions
371 3914 438 3970 held
451 3915 496 3969 for
511 3913 644 3984 equality.
689 3913 754 3968 And
767 3912 842 3975 thus,
857 3930 887 3967 as
902 3912 1001 3986 hythe
1014 3913 1085 3967 Ciril
1100 3914 1167 3967 Law
1182 3911 1283 3969 before
1294 3913 1365 3969 Dio·

249 4002 354 4058 cletian
372 4001 453 4057 there
468 4017 523 4055 was
539 4017 575 4055 no
590 4001 686 4054 action
701 3999 799 4054 before
814 4016 832 4052 a
846 4006 927 4055 court
940 3999 973 4054 of
984 3999 1038 4053 law
1052 3999 1098 4053 for
1112 3998 1181 4054 such
1196 3999 1364 4074 inequality,

248 4103 281 4144 so
296 4105 360 4144 now
374 4104 478 4158 among
493 4086 574 4141 those
589 4085 652 4140 who
666 4102 715 4140 are
730 4087 887 4142 connected
901 4087 968 4157 only
986 4085 1025 4157 by
1039 4085 1089 4141 the
1103 4086 1171 4139 Lam
1184 4085 1220 4140 of
1231 4086 1365 4153 Nations,

248 4175 370 4232 thereis
387 4191 425 4230 no
444 4173 567 4230 demand
589 4190 622 4228 or
647 4173 822 4244 compulsion
844 4172 963 4228 allowed
979 4189 1017 4227 on
1036 4173 1099 4227 that
1117 4178 1248 4228 account.
1295 4173 1365 4229 This

248 4277 347 4334 agrees
368 4261 436 4317 with
455 4261 530 4316 what
545 4261 718 4331 Pomponius
739 4276 811 4332 says,
832 4259 896 4315 that
914 4262 944 4314 in
963 4259 1013 4314 the
1031 4261 1109 4331 price
1130 4260 1163 4314 ol
1183 4260 1286 4332 calling
1305 4259 1365 4317 ond

248 4346 364 4421 huping,
385 4350 408 4405 it
429 4349 454 4405 is
468 4348 610 4418 naturally
631 4346 750 4401 allowed
771 4353 933 4401 tomento
956 4347 1131 4401 circumvent
1152 4363 1207 4401 one
1225 4347 1362 4403 another:

249 4433 344 4492 where
358 4436 472 4493 allowed
484 4452 591 4502 means,
610 4439 661 4490 not
676 4433 739 4489 that
753 4433 776 4489 it
790 4433 814 4489 is
825 4432 911 4505 right,
929 4433 981 4489 hut
1000 4433 1064 4490 that
1080 4433 1161 4490 there
1175 4434 1200 4489 is
1214 4433 1286 4490 such
1297 4451 1364 4508 per·
