2828 4928
98 228 248 299 cmxlii]
436 228 491 287 ΠΒ
511 227 807 287 nummo.
1117 221 1178 283 illl

96 397 238 487 depositum
255 419 298 464 ex
315 394 383 484 ipso
405 397 546 486 gentium
566 395 640 485 juro
656 397 872 464 'reddendum
894 396 1021 475 latroni,
1038 393 1066 462 si
1081 395 1181 464 domi·

94 521 136 566 uus
147 522 204 566 non
218 507 364 585 apparet,
381 509 468 564 recte
483 520 505 564 ιι
519 499 727 587 Tryphonino
743 521 927 586 responsum
944 507 1003 564 est
1191 521 1257 562 nu.
1268 522 1295 562 u

146 603 166 666 3
198 600 308 677 Quare
323 597 460 684 probare
476 620 539 664 non
563 621 687 686 possum
708 600 792 686 quod
808 620 830 663 s
845 599 1030 686 quibusdem
1047 607 1097 666 est
1112 606 1181 666 tru-

94 700 177 777 ditum,
207 719 279 764 eum
311 697 367 785 qui
395 699 537 786 praedoni
560 699 724 786 quicquam
748 700 936 786 promiserit,
962 709 1181 767 momentanee

93 799 217 866 solutione
233 819 326 886 posse
342 798 482 888 defungi,
499 800 547 865 itu
561 811 599 865 ut
614 799 708 865 liceat
724 799 754 865 ei
770 799 855 886 quod
871 799 965 865 solvit
979 820 1179 887 recupcrsre.

93 899 176 966 Verbo
198 898 281 965 enim
307 898 341 964 in
362 898 544 986 juramento
569 899 673 986 quood
701 900 805 966 Deum
834 898 1058 986 simplicissimo
1082 908 1181 986 utque

93 1000 150 1066 odeo
163 1021 232 1066 eum
246 1000 360 1066 effectu
376 1009 450 1066 suut
465 999 681 1087 intelligendu
724 1003 829 1086 Atque
845 1000 917 1065 ideo
933 998 987 1087 qui
1004 997 1122 1066 redivit
1136 998 1180 1065 ud

93 1099 189 1167 hostem
214 1101 307 1178 cium,
332 1099 510 1187 iterumque
539 1098 628 1175 obiit,
658 1122 721 1166 non
751 1100 902 1165 satisfecit
926 1099 1109 1187 juramento
1137 1098 1180 1166 de

94 1199 181 1278 reditu,
197 1212 234 1269 ut
249 1210 339 1268 recte
354 1221 375 1266 ιι
389 1209 502 1266 senstu
519 1199 663 1264 Romano
675 1200 851 1285 judicutum
867 1211 926 1269 est.

146 1302 233 1371 xvi.
286 1303 306 1367 1
342 1300 426 1367 Illud
443 1321 519 1366 rere
535 1297 725 1366 Accianum:
1191 1305 1330 1405 affin·

195 1424 230 1479 Τ.
275 1421 399 1494 Fregisti
412 1421 508 1478 ndens

195 1511 231 1566 Δ.
276 1510 372 1574 Quum
388 1525 482 1582 neque
503 1509 580 1578 dedi,
601 1527 696 1583 nequo
717 1509 755 1565 do
773 1507 882 1565 tonderi
902 1509 1043 1583 culpiums

96 1602 261 1674 Iudemum
284 1608 413 1697 probari
432 1617 548 1694 potest,
571 1609 598 1675 si
617 1609 727 1697 jurato
744 1607 911 1742 promissio
928 1616 1039 1695 aperte
1055 1629 1180 1697 respec-

94 1712 143 1770 tum
166 1708 310 1775 habuerit
334 1707 465 1774 ulterius
494 1709 713 1796 promissionis,
744 1711 834 1794 ⁰qum
862 1707 892 1774 ei
921 1707 1011 1796 quusi
1042 1708 1180 1776 conditio

95 1803 340 1897 fueritimplieita,
358 1829 422 1874 non
445 1808 472 1874 si
493 1807 610 1875 diversi
632 1808 759 1898 generis
781 1808 845 1873 sint
867 1808 1030 1896 promisse,
1048 1817 1082 1877 et
1100 1809 1270 1930 οἱιιιίι.Μ
1313 1834 1344 1875 ιι

94 1919 243 1993 respectum
260 1918 423 1975 mutuum:
449 1917 527 1974 tunc
543 1909 625 1975 enim
643 1907 767 1974 omniuo
784 1908 973 1974 serrandum
990 1908 1102 1995 cuique
1118 1908 1181 1976 erit
1191 1882 1322 1978 iniis*

94 2007 185 2087 quod
177 2031 242 2097 rpse
259 2007 392 2096 jurarit
433 2009 540 2095 Atque
562 2009 623 2075 hoo
645 2007 771 2073 nomine
795 2008 955 2097 Regulum
979 2008 1112 2076 leuduno
1135 2008 1181 2075 sie

93 2109 232 2194 cupetur
250 2108 346 2175 Silius
361 2107 444 2191 (Lib.
462 2129 506 2174 ιι
524 2130 606 2174 vers
623 2110 678 2186 63,
696 2109 774 2192 64):

254 2229 320 2294 Qui,
333 2229 452 2301 longum
466 2245 580 2302 semper
592 2229 671 2284 fumo
684 2229 820 2301 gliscente
834 2245 888 2301 per
901 2244 1003 2295 rerum,

253 2316 354 2372 Infidis
369 2333 494 2372 sonasse
509 2317 595 2372 fidem
610 2316 805 2372 memorabere
820 2316 923 2372 Poenis

90 2464 143 2519 Deo:
165 2471 358 2534 insumens,
385 2488 433 2535 per
455 2474 542 2532 Deum,
562 2475 598 2522 uit
647 2474 722 2520 sibun
736 2471 1179 2535 Poipbiusffireerptdei’frtaeti'it.

89 2540 129 2602 itm
140 2549 235 2608 Auctor,
247 2550 340 2598 Aduot.
354 2550 380 2596 in
396 2549 497 2596 Numer.
507 2564 564 2597 xxx.
573 2551 597 2598 8.
648 2563 674 2610 p
682 2552 749 2597 1470.
761 2549 810 2596 Ed,
818 2549 904 2608 Anut.)
914 2555 940 2594 et
953 2548 1075 2596 Diodorus
1085 2547 1181 2597 Siculus

90 2617 162 2671 toute
175 2626 345 2673 Purnsuosr.
361 2623 402 2672 Dc
415 2624 480 2672 Jurc
494 2622 557 2671 Nut.
575 2629 599 2671 ct
648 2626 674 2672 in
684 2625 805 2685 excerptis
813 2625 964 2682 Peiresieuis,
973 2624 1079 2686 (poan)

89 2695 142 2745 (voit.
152 2699 204 2749 hib.
215 2713 252 2748 ιι.
262 2714 316 2760 cup¹
327 2702 350 2748 2.
362 2698 376 2761 ἓ
387 2701 412 2746 8.
694 2710 706 2735 ⁰
723 2702 780 2760 Quae
790 2702 812 2747 ιι·
822 2701 894 2762 quusi
904 2701 1008 2748 conditio
1010 2701 1092 2763 sumt
1101 2700 1181 2763 inpli-

119 2783 130 2810 ¹
142 2777 292 2826 Reddendum
301 2776 404 2838 latroni]
421 2777 454 2823 Et
461 2776 482 2822 ei
489 2777 530 2837 qui
541 2791 598 2837 reg·
648 2776 708 2838 citu]
721 2778 751 2825 C.
761 2781 878 2838 persenit,
888 2779 953 2838 quod
963 2783 1001 2825 est
1011 2791 1052 2826 111.
1065 2778 1095 2825 de
1103 2778 1180 2826 Jun-

83 2861 130 2898 uum
142 2852 192 2900 sine
207 2855 264 2916 jure
279 2853 374 2910 inrnsit,
390 2853 512 2913 quomodo
534 2853 598 2900 Oro·
641 2853 760 2910 jurando.
776 2853 849 2900 Adde
861 2854 947 2913 Llege
958 2854 1045 2911 fundo,
1060 2856 1083 2903 d.
1095 2854 1121 2902 in
1132 2854 1181 2904 hnc

80 2923 132 2974 fcrul
150 2928 285 2991 depositum
305 2927 427 2975 redditum
446 2940 462 2974 u
481 2927 599 2974 Prienen·
650 2927 682 2975 D.
694 2927 961 2990 deleqeeomrnisrorfu.

122 3187 139 3238 3
159 3180 329 3237 Whereforo
341 3180 357 3235 I
370 3186 476 3236 cannot
488 3196 613 3253 npprorc
628 3178 704 3234 nhnt
723 3181 746 3235 is
766 3179 909 3236 delivered
920 3179 960 3254 by
972 3197 1050 3239 some
1062 3182 1179 3250 writers,

72 3267 131 3324 thet
141 3267 178 3325 he
190 3268 253 3323 who
264 3266 316 3322 has
327 3266 470 3340 promised
483 3266 620 3339 onything
633 3275 662 3321 ιο
674 3284 691 3320 ιι
703 3266 808 3321 robber
818 3285 882 3338 mny
895 3267 1042 3340 discharge
1052 3268 1096 3323 his
1109 3269 1181 3342 duty

70 3353 106 3428 hy
120 3361 328 3427 emomentnry
339 3360 482 3425 puymont,
493 3353 549 3407 und
559 3353 595 3408 bo
607 3353 726 3408 allon-ed
741 3352 888 3408 forthwith
904 3360 934 3408 ιο
944 3354 1009 3409 take
1019 3354 1092 3409 buck
1104 3354 1180 3412 what

43 3487 45 3491 ,
68 3440 105 3498 he
118 3440 169 3496 has
181 3440 259 3514 paid.
295 3440 353 3494 For
364 3439 455 3494 words
470 3439 539 3494 used
555 3440 584 3494 in
598 3458 634 3494 un
650 3439 727 3505 ooth,
741 3441 798 3494 und
812 3457 852 3505 so,
866 3440 988 3495 towards
1001 3440 1075 3507 God,
1087 3457 1136 3497 ure
1148 3447 1180 3500 to

66 3527 103 3584 be
118 3525 293 3582 understood
315 3525 382 3581 with
405 3527 497 3581 entire
512 3527 679 3600 simplicit„
704 3527 761 3581 end
780 3526 934 3591 therefore,
955 3544 988 3583 so
1010 3544 1040 3582 us
1058 3534 1089 3584 to
1106 3526 1180 3585 hero

66 3616 159 3672 effect.
183 3613 249 3668 And
259 3610 411 3677 therefore,
423 3612 460 3666 ho
475 3613 537 3668 uho
552 3615 687 3669 returned
697 3621 727 3669 ιο
737 3613 787 3669 the
796 3631 898 3685 enemy
907 3613 1111 3686 clandestinely
1122 3612 1180 3670 und

65 3717 147 3758 eume
165 3717 246 3773 οπο]
264 3699 357 3771 again,
376 3698 425 3753 did
445 3708 496 3755 not
513 3701 613 3772 eutissy
627 3700 672 3755 his
687 3700 756 3756 oath
772 3700 835 3756 that
852 3699 889 3757 he
907 3700 1001 3756 would
1018 3707 1126 3767 return,
1147 3718 1180 3759 us

64 3805 121 3846 oms
135 3787 242 3861 rightly
256 3785 365 3858 judgod
380 3785 418 3856 hy
432 3785 482 3840 tho
497 3787 609 3841 Roman
625 3788 740 3844 Seuute.

107 3874 207 3950 ‚va
246 3880 261 3928 l
283 3872 341 3928 Are
352 3871 434 3927 onths
446 3880 476 3927 to
489 3889 507 3926 a
518 3872 645 3929 fcithless
659 3891 763 3947 person
777 3881 829 3930 not
840 3879 871 3930 to
881 3872 919 3930 be
929 3871 1010 3945 kept:
1026 3887 1057 3927 us
1069 3869 1181 3940 hocius,

63 3962 174 4037 quoted
185 3964 214 4016 in
232 3959 354 4016 Cicero's
368 3959 466 4032 Offlcce,
485 3958 586 4013 holds?

123 4051 185 4105 Not
204 4048 230 4103 if
245 4047 295 4104 the
313 4063 404 4102 swern
419 4047 543 4118 promise
558 4044 616 4101 had
637 4046 781 4118 evidently
801 4054 913 4118 respect
932 4052 963 4102 to
977 4041 1098 4102 another
1115 4063 1180 4119 pro·

64 4136 137 4192 miso
155 4135 248 4191 which
265 4152 322 4190 was
344 4140 438 4188 asort
457 4132 491 4187 of
510 4132 628 4204 implied
652 4134 807 4189 condition.
846 4134 904 4188 But
925 4132 994 4204 they
1019 4149 1068 4189 ure
1089 4140 1120 4190 to
1144 4133 1181 4191 he

63 4223 145 4295 kept,
160 4223 186 4276 if
198 4221 394 4294 thepromises
408 4236 458 4275 ure
473 4217 506 4274 of
518 4237 536 4273 n
551 4219 660 4274 diverse
675 4219 754 4283 kind,
766 4219 822 4273 und
837 4219 958 4274 without
967 4219 1076 4274 mutual
1091 4222 1181 4277 refer·

64 4325 154 4365 enoc:
177 4308 224 4363 for
246 4308 315 4363 then
334 4307 403 4364 each
423 4312 499 4361 must
513 4306 631 4361 observo
655 4305 731 4360 what
750 4306 787 4359 he
807 4304 859 4360 hus
882 4323 982 4362 snorn.
1027 4307 1093 4363 And
1114 4308 1181 4366 thur

63 4393 194 4467 Regulus
208 4395 232 4450 is
245 4395 357 4469 praised
372 4395 412 4469 by
424 4394 509 4450 Silius
523 4391 570 4449 for
583 4393 706 4466 keeping
720 4391 794 4448 saith
809 4391 877 4449 with
891 4393 941 4451 the
954 4393 1092 4454 fuithloss.
