2828 4920
49 249 126 305 Car.
141 245 268 317 XXIII]
424 249 477 305 DE
501 247 637 307 CAUSIS
659 248 803 307 DUBIIS.
1109 241 1174 310 397
1226 243 1228 245 ’

50 417 139 488 teria
152 418 236 486 omni
250 417 367 485 formas
381 426 538 506 separant,
552 424 585 484 ct
598 414 671 504 quia
686 417 796 482 tormen
808 416 885 504 ipseo
898 415 976 484 tales
991 416 1175 508 plerumque

51 529 141 598 sunt,
164 525 219 586 ⁸ut
236 520 313 585 nihil
330 519 468 586 habeant
485 518 692 606 interjectum,
717 517 796 583 sicut
813 517 896 584 inter
912 528 1032 585 rectum
1051 530 1085 589 ct
1103 543 1174 588 cur·

52 644 132 688 vum
158 621 236 687 nihil
259 629 308 687 est
327 619 434 689 medii.
483 620 544 686 1ιιι
568 619 600 684 in
624 618 793 683 moralibus
817 618 1055 687 circumstantiae
1079 620 1175 689 etiam

54 722 195 788 minimae
212 721 336 788 variant
352 719 526 797 materiam,
544 728 577 786 et
593 719 713 795 torma,
732 719 772 784 dc
792 719 903 806 quibus
918 720 1034 809 agitur,
1051 713 1174 789 l‘solent

53 823 178 889 habere
209 821 408 909 interjectum
434 819 561 907 aliquid,
592 841 631 886 ea
654 818 829 900 latitudine,
857 829 893 887 ut
918 821 1010 887 modo
1035 821 1077 889 ad
1104 823 1173 900 hoe,

55 923 153 990 modo
170 923 211 989 ad
227 922 306 989 illud
323 932 498 988 extremum
514 919 642 1008 propius
658 919 833 986 accedatur.
873 920 925 987 Ita
943 921 1024 987 enim
1040 922 1125 990 inter
1141 921 1176 989 id

56 1024 145 1112 quod
162 1023 230 1090 fieri
247 1030 382 1112 oportet,
409 1030 442 1087 et
458 1021 541 1087 inter
557 1020 590 1087 id
607 1020 692 1106 quod
708 1019 777 1086 fieri
794 1020 882 1086 nefas
898 1031 955 1096 cst,
973 1022 1109 1089 medium
1126 1029 1176 1089 est

55 1124 247 1212 quodlicet,
271 1125 327 1190 sed
343 1122 436 1188 modo
455 1121 538 1198 hnic,
565 1121 658 1187 modo
675 1120 719 1186 illi
743 1120 825 1208 parti
843 1121 1065 1236 propinquius:
1090 1122 1176 1189 nude

56 1224 250 1315 ambiguitas
266 1246 350 1312 saepe
366 1222 546 1298 incidit,t
509 1230 546 1287 ιιι
561 1221 595 1286 in
618 1221 808 1309 crepusculo,
834 1221 939 1287 autin
959 1243 1042 1311 aqua
1059 1221 1177 1313 frigido

56 1325 242 1393 calescente.
290 1326 334 1391 Et
358 1325 417 1390 hoc
439 1331 497 1401 est,
524 1321 607 1408 quod
629 1321 675 1389 ait
700 1315 936 1399 Aristotelea*
920 1352 997 1391 εστι
1020 1321 1301 1418 paneadenses

57 1422 170 1495 ἕνιότι
191 1421 234 1494 ‘rd
262 1428 379 1544 uphem
400 1425 498 1492 ποῖον
515 1419 589 1491 ἀντι
613 1452 707 1490 ποιον
725 1417 884 1514 αἱρετέον·
909 1425 1063 1509 quidone
1085 1436 1175 1491 ante·
1252 1443 1256 1447 ’

52 1529 243 1614 ponendum
260 1528 313 1603 eit,
332 1526 477 1642 difficilis
493 1543 577 1610 scope
593 1535 640 1590 eet
649 1523 827 1608 judicatio.
855 1521 1052 1589 Andronicus
1068 1532 1195 1590 antem

58 1626 225 1694 Rhodius·
243 1656 287 1695 το
301 1655 365 1694 κατ
366 1620 546 1706 ἀλήθειαν
562 1614 681 1692 δίκαιον
699 1614 889 1716 δυσχερές
874 1651 949 1690 εστι
967 1652 1029 1692 τον
1014 1617 1174 1694 dorcovv·
1188 1641 1279 1729 moen.
1289 1640 1332 1682 &³-

58 1754 119 1798 τοι
137 1718 267 1797 διελεῖν·
281 1726 412 1812 difficile
428 1737 474 1791 est
491 1725 538 1802 id,
557 1726 646 1811 quod
661 1746 733 1790 uere
743 1725 870 1808 justum
888 1735 943 1801 est,
962 1726 1005 1789 ab
1022 1747 1067 1804 eo,
1085 1701 1208 1814 quod

60 1829 130 1894 tale
146 1829 287 1902 videtur,
305 1829 495 1892 discernere.

138 1928 183 1993 II.
227 1929 247 1992 1
281 1926 422 1992 Primum
445 1933 551 1990 autem
574 1923 650 1991 illud
674 1932 723 1990 cst
746 1924 925 2002 tenendum,
952 1924 1073 1993 etiamsi
1098 1925 1176 2014 quid

54 2027 177 2116 justum
190 2026 295 2114 reipsa
311 2034 369 2103 cst,
383 2025 439 2092 sed
455 2025 496 2091 ab
512 2046 549 2091 eo
566 2024 612 2102 fit,
625 2024 688 2111 qni,
702 2025 844 2090 omnibns
860 2025 1013 2114 expensis,
1027 2027 1177 2115 injustum

59 2128 94 2194 id
112 2126 281 2205 existimat,
308 2139 411 2192 actum
438 2147 505 2191 esse
523 2124 676 2191 vitiosum.
723 2125 796 2190 Hoc
818 2124 900 2191 enim
917 2134 974 2204 est,
1001 2128 1085 2214 quod
1102 2128 1178 2195 dicit

61 2228 180 2295 Paulus
205 2227 384 2314 Apostolus,
410 2224 556 2312 quicquid
585 2246 647 2290 non
671 2223 707 2290 fic
734 2247 775 2290 ex
801 2223 873 2301 fide,
902 2235 1063 2312 peccatum
1089 2250 1176 2297 esse:
1190 2241 1250 2282 nm
1258 2239 1342 2280 Μ

61 2333 142 2416 cquo
164 2326 197 2393 in
212 2328 279 2393 loco
296 2327 374 2392 fides
393 2325 488 2391 animi
501 2323 654 2414 judicium
675 2323 715 2389 de
735 2345 771 2389 ro
791 2323 954 2413 signifieat.
1006 2327 1090 2393 Nam
1113 2328 1178 2396 vim

56 2426 275 2518 judicatuioem
293 2425 436 2492 humanis
452 2423 625 2493 actionibus
642 2424 753 2490 ducem
770 2425 859 2492 Deus
875 2425 1007 2505 addidit,
1025 2449 1089 2515 qua
1105 2451 1178 2496 con.

61 2537 163 2596 temta
178 2525 370 2595 obbrutescit
385 2523 516 2593 animus.

61 2700 553 2766 minelum.111.p.8t4.Edit.Sacil.]
646 2706 685 2750 tor
698 2716 745 2748 noa
760 2706 803 2750 est.
831 2703 988 2753 Ambrosinsc
998 2711 1122 2766 peccatura
1136 2711 1180 2768 eet,

107 2790 119 2818 ἐ
136 2782 189 2842 Quo
200 2782 226 2828 in
235 2781 352 2842 tocofideo
360 2781 436 2827 αιιιοιι·
438 2777 598 2839 judr'ciumde
647 2778 713 2838 quod
724 2779 797 2824 aliter
800 2780 834 2838 fit
845 2793 916 2839 qnam
923 2781 1052 2840 probatura
1062 2786 1104 2832 eet.
1133 2785 1178 2832 So·

61 2872 89 2905 re
98 2855 231 2918 ιιοιιιζνιιαι]
253 2855 347 2903 Eodem
358 2857 462 2903 tendunt
476 2855 501 2901 ιιι
513 2854 597 2900 endem
648 2855 731 2913 quitur
741 2855 910 2915 Augustianos
925 2856 993 2903 citati
1003 2859 1075 2906 ambo
1086 2873 1102 2906 a
1114 2859 1179 2907 Gra·

61 2934 133 2981 Pauli
149 2932 252 2994 epistole
266 2933 350 2979 eodem
366 2931 445 2992 capite
460 2931 508 2977 ista
522 2929 596 2992 (vera
647 2928 715 2973 tiano
730 2936 785 2988 post
801 2943 853 2990 cap.
870 2933 907 2989 14,
922 2946 994 2978 oansa
1009 2934 1047 2981 28.
1057 2939 1143 2995 quaec
1155 2938 1179 2983 1.

61 3008 91 3070 ὅ)
106 3009 215 3055 ἕκαστος
229 3007 257 3054 ἐν
275 3008 314 3068 τῷ
330 3007 384 3068 ἰδίῳ
403 3006 442 3055 νοῒ
461 3005 598 3065 πληροφο·
648 3003 788 3064 ltonlonge
802 3005 858 3053 hine
872 3007 924 3054 abit
938 3008 999 3055 illud
1014 3009 1139 3058 Plutarch!
1152 3012 1180 3058 ln

61 3081 164 3144 ρεισθω·
179 3080 338 3142 unusquisque
348 3081 387 3126 eui
396 3079 532 3126 semoniae·
547 3093 598 3125 cer·
653 3079 811 3128 Timoleonte:
835 3082 874 3127 δεῖ
889 3084 916 3128 οὐ
928 3083 1005 3143 μόνον
1019 3085 1068 3139 'nir
1082 3086 1181 3148 πράξω

62 3163 102 3206 aa
117 3159 156 3205 su.
194 3158 229 3204 Et
249 3158 319 3217 (vers.
337 3157 377 3214 22)
395 3153 515 3215 μακάριοι
534 3154 547 3201 ὂ
565 3153 599 3212 wi
648 3155 973 3218 εἷναικαλιῖνκαίδικιιίιιν,
989 3159 1060 3207 ἄλλο’
1075 3163 1116 3209 rot
1131 3161 1181 3219 τήν

62 3234 156 3294 κρινιον
172 3231 264 3280 ἑαυτὸν
281 3233 308 3279 ἐν
324 3231 343 3294 ᾧ
359 3229 502 3290 δοκιμάζει·
517 3231 599 3277 beatus
648 3231 725 3292 δόξαν
742 3231 788 3290 ἀφ’
807 3231 834 3288 ἧι
853 3232 1003 3292 πράττεται
1020 3235 1124 3299 μόνιμον
1137 3241 1180 3288 και

61 3309 113 3367 tlte,
122 3309 174 3369 qut,
185 3307 362 3369 quodproefert,
373 3306 398 3352 ιἰι
408 3318 435 3352 eo
445 3306 484 3352 eui
498 3305 599 3352 damna·
648 3306 848 3368 ἀμετάπτωτον,
857 3309 898 3355 'tue
908 3309 1065 3375 πράττωμεν
1078 3314 1181 3376 (longe.

63 3524 227 3583 somefimos
243 3530 274 3581 to
293 3523 344 3581 the
358 3542 421 3592 one,
436 3526 493 3580 and
506 3526 667 3581 sometimes
683 3531 713 3581 to
725 3524 775 3581 tho
786 3525 885 3583 other:
909 3526 1025 3586 whence
1039 3547 1076 3584 an
1087 3530 1180 3588 ambi·

63 3613 146 3686 guity
160 3611 241 3667 otton
262 3612 342 3667 takes
360 3613 450 3685 placo,
466 3614 522 3668 like
538 3613 657 3684 tuilight
671 3613 799 3669 between
818 3614 874 3686 day
888 3615 944 3670 and
962 3614 1051 3688 atght,
1067 3634 1100 3672 or
1114 3617 1180 3674 cold

64 3706 153 3754 water
174 3698 323 3770 gradually
341 3699 454 3755 heatod.
500 3700 565 3753 And
588 3699 643 3754 this
664 3701 687 3754 is
706 3699 782 3756 what.
797 3701 932 3756 Aristotle
946 3719 1018 3775 says,
1032 3702 1097 3760 that
1113 3705 1138 3760 ιι
1154 3705 1180 3761 ιι

64 3785 147 3842 often
158 3786 280 3841 dithcult
294 3793 325 3840 to
340 3785 439 3842 decido
455 3785 546 3841 which
565 3786 600 3841 of
615 3793 671 3841 tuo
689 3786 784 3859 thIngs
799 3787 823 3843 is
838 3793 868 3842 to
882 3788 919 3844 be
937 3790 1099 3860 proterredc
1119 3790 1178 3847 and

64 3888 97 3930 so
112 3872 291 3928 Andromene
302 3872 438 3928 Rhodius.

121 3959 160 4015 11.
201 3965 215 4012 1
240 3959 274 4013 In
293 3959 343 4015 the
358 3960 419 4030 first
435 3959 524 4032 place,
544 3958 601 4014 this
615 3960 639 4014 is
658 3960 766 4014 certain
783 3955 824 4030 [os
843 3962 955 4034 apoint
975 3962 1010 4018 οι
1026 3959 1182 4037 morality],

66 4046 131 4102 that
145 4045 172 4099 rt
182 4045 320 4116 anything
334 4046 371 4101 be
382 4048 442 4115 just
458 4048 487 4100 in
502 4046 586 4110 itsolf,
598 4054 646 4117 μοι
662 4047 686 4100 if
700 4047 722 4100 ιι
733 4047 768 4101 bo
782 4047 856 4103 dono
868 4050 906 4121 by
920 4049 980 4104 him
992 4049 1063 4115 who,
1076 4049 1182 4124 having

66 4132 255 4204 deliberatcly
269 4132 405 4204 wcighed,
421 4133 516 4188 thinks
536 4134 559 4188 ιι
575 4135 678 4204 unjmt,
693 4133 742 4188 tho
758 4142 804 4189 act
823 4135 846 4189 ιι
860 4137 982 4192 siciens:
1004 4154 1035 4193 as
1055 4139 1089 4194 St
1107 4138 1182 4193 Paul

66 4235 139 4292 says,
155 4217 218 4273 that
230 4217 404 4275 whatsocrcr
415 4220 438 4275 is
454 4226 504 4275 not
519 4221 552 4276 ot
564 4220 673 4276 scithis
688 4220 747 4285 ειυς
763 4221 793 4274 in
805 4220 896 4276 which
908 4223 990 4294 placo
998 4225 1078 4297 saith
1094 4224 1182 4296 signi·

66 4307 119 4370 fies
134 4304 184 4360 the
195 4304 346 4377 judgmcnt
358 4306 393 4361 of
404 4305 453 4363 the
465 4307 544 4363 mind
556 4309 728 4379 concerning
742 4306 791 4363 tho
806 4315 859 4364 act
888 4309 946 4363 For
959 4309 1022 4364 God
1034 4310 1085 4367 has
1098 4311 1182 4383 giren

67 4410 101 4449 ns
114 4391 164 4447 tho
178 4408 274 4465 power
291 4392 325 4447 of
340 4394 469 4466 jndging,
488 4413 519 4450 as
534 4395 583 4452 the
598 4396 684 4468 gnido
698 4395 733 4450 ot
748 4395 855 4452 human
872 4395 999 4463 actions3
1017 4398 1072 4452 and
1089 4397 1114 4451 if
1125 4397 1184 4456 chi·

69 4479 106 4539 be
119 4479 258 4551 despised,
273 4478 323 4537 the
336 4481 415 4536 nnnd
428 4483 451 4537 is
464 4482 606 4540 brutittcd.
