2828 4928
51 239 127 297 (lar.
142 237 251 310 XVI]
394 239 447 296 DE
469 239 852 298 INTERPRETATIONE.
1120 230 1185 299 157

55 408 195 474 tellecta
221 416 307 474 sant.
356 403 466 470 Recta
496 404 764 493 interpretationis
793 427 939 472 mensura
962 411 1010 471 est
1044 401 1184 471 collectio

57 507 182 572 mentis
199 528 241 572 ex
257 504 357 593 signis
374 505 508 571 maxime
527 505 749 593 probabilibus.
801 507 868 571 2Εει
891 505 981 595 signa
997 512 1071 571 sunt
1086 504 1200 570 duum.

59 627 233 696 generum,
252 604 352 671 rerba
368 612 402 670 et
418 605 605 692 conjecturae
621 605 712 672 alioe:
735 627 807 692 quae
826 614 883 671 aut
898 605 1027 671 seorsim
1044 603 1184 671 conside·

59 715 194 782 rantur,
209 712 267 770 ant
281 702 477 790 conjunctim.

146 804 193 891 ll.
246 802 282 870 Si
298 802 385 869 nulla
408 803 451 870 sit
467 804 645 892 conjectura
662 826 733 891 quae
750 803 845 871 ducat
866 803 937 880 alio,
958 803 1057 871 rerba
1072 802 1186 871 intelli·

63 903 178 994 genda
194 910 268 970 sunt
289 924 330 968 cx
347 902 551 990 proprietate,
578 898 662 970 buon
688 903 981 994 grammaticaque
997 912 1046 972 est
1065 925 1107 969 ex
1122 903 1186 970 ori·

63 1004 157 1095 gine,
174 1002 232 1069 sed
248 1002 394 1091 populari
412 1025 453 1069 ex
467 1026 536 1082 usu,

193 1123 286 1188 Quem
301 1139 390 1197 penes
407 1124 556 1179 arbitrium
574 1129 626 1191 est,
643 1130 674 1181 et
686 1125 733 1196 jus
751 1132 781 1180 et
802 1140 903 1180 nomm
918 1124 1061 1198 loquendi.

68 1220 181 1289 Stulta
205 1243 282 1312 ergo
306 1219 447 1309 perfidia
470 1221 586 1310 effugio
609 1221 885 1299 usisunt⁶1mcri
912 1245 981 1289 cum
999 1220 1128 1311 polliciti
1150 1243 1186 1290 se
1199 1184 1253 1225 Μ
1277 1209 1284 1225 ’

67 1321 177 1410 pactis
200 1330 339 1389 staturos
353 1319 501 1408 quamdiu
518 1331 636 1387 terram
653 1323 734 1388 hanc
756 1322 936 1389 insisterent
951 1333 985 1389 ct
999 1323 1103 1412 capita
1126 1323 1186 1390 hu-

68 1420 173 1487 meris
205 1430 377 1510 gestarent,
408 1430 527 1487 terram
554 1421 770 1488 calceamentis
795 1422 950 1509 injectam,
981 1431 1015 1489 et
1042 1422 1187 1489 alliorum
1240 1465 1244 1474 ·

71 1519 183 1608 capita
203 1520 342 1587 humeris
362 1520 506 1607 imposita
529 1520 721 1607 abjecerunt,
747 1522 835 1608 quasi
861 1542 898 1586 eo
921 1520 1020 1586 modo·
1034 1521 1188 1612 religione

72 1643 110 1687 sc
137 1631 265 1708 possent
283 1620 455 1698 exsolvere,
473 1641 544 1706 quae
568 1620 701 1686 historia
718 1621 802 1708 apud
820 1620 987 1708 Polybium
1003 1630 1126 1688 exstat:
1149 1642 1188 1688 ao

73 1719 187 1786 similis
211 1720 353 1808 perfidia
377 1720 520 1808 exempla
544 1719 663 1807 aliquot
687 1721 771 1807 apud
792 1720 985 1808 Polymnum,
1010 1742 1081 1807 qum
1099 1730 1188 1789 trau·

75 1820 217 1914 scribere
233 1818 311 1885 nihil
328 1841 406 1908 opus
422 1829 480 1897 est,
497 1819 570 1906 quia
586 1820 830 1886 controversiam
848 1842 911 1885 non
928 1820 1054 1888 habent.
1095 1821 1188 1910 Ejus-

74 1920 164 1987 modi
189 1919 351 1987 iraudibus
366 1926 453 1985 recte
477 1919 558 1985 dixit
575 1919 685 1987 Cicero
702 1918 866 2013 adstringi,
892 1942 955 1985 non
974 1920 1100 1989 dissolri
1116 1944 1189 2012 per·
1199 1953 1334 2042 ἔφη

70 2043 206 2111 yurrnm.

157 2122 218 2190 111.
270 2113 331 2186 ‘¹In
347 2118 464 2187 artium
480 2127 585 2187 autem
604 2120 769 2202 vocabulis,
787 2145 858 2210 quae
874 2119 1007 2210 populus
1023 2119 1076 2188 vix
1092 2120 1188 2211 capit,

75 2303 121 2346 tar
136 2297 198 2346 enim
212 2312 251 2346 ree
267 2297 328 2359 ipsc
341 2311 391 2358 quc
405 2297 489 2344 nolant
502 2297 612 2354 homines,
664 2296 798 2344 Turenrum
811 2298 874 2359 arip.
890 2298 915 2344 in
926 2298 1068 2346 liahnmete
1077 2298 1114 2345 11.
1131 2312 1190 2361 pag.

76 2376 198 2422 wandala
214 2376 260 2423 itta
279 2373 394 2436 primitae
411 2374 524 2435 imposita
541 2374 612 2420 retae
661 2376 714 2421 132.
745 2373 815 2421 Edit.
826 2374 906 2435 tuac.
915 2375 948 2422 B.
961 2373 1028 2422 tota
1059 2374 1145 2437 J.B.]
1185 2399 1189 2404 s

76 2451 269 2499 nihilcmontec.
299 2449 430 2512 (Capri.)
704 2449 1192 2512 tlInartium‹arctemrrocahutiejAugus-

125 2525 238 2589 eLocri]
264 2526 387 2588 Polybius,
410 2525 464 2572 Lib.
478 2537 529 2572 κη.
550 2539 572 2573 c.
587 2527 612 2574 4.
660 2527 726 2572 tinus
736 2526 761 2570 in
771 2525 912 2572 rhetoricis:
932 2525 966 2573 Ut
978 2526 1128 2573 multarem
1141 2532 1192 2575 tan

77 2604 166 2652 Simile
175 2604 240 2664 quod
251 2602 332 2650 Boeou
345 2602 430 2649 urbem
442 2601 544 2663 polliciti
557 2601 612 2648 red·
660 2615 677 2647 a
687 2600 799 2648 techntcle
809 2605 832 2647 et
843 2601 1016 2648 mathematicis
1025 2616 1100 2663 quam
1109 2617 1126 2650 a
1131 2603 1192 2664 phi·

77 2681 147 2738 dere,
164 2692 212 2725 non
230 2685 335 2726 stantem
349 2678 393 2726 sed
408 2691 514 2725 eversam
531 2678 611 2723 reddi·
660 2677 766 2737 loeophis
781 2678 983 2738 coynomianntar,
998 2679 1107 2738 accipere
1121 2679 1191 2728 dobe-

77 2757 146 2803 dere.
183 2754 292 2816 Thncyd.
310 2767 335 2800 v.
356 2754 418 2813 (cap.
435 2754 475 2811 42)
499 2756 525 2797 et
545 2752 611 2812 qnod
659 2766 762 2798 mnenon
770 2758 819 2797 tam
825 2752 1192 2813 procolilcurucometudialc,

76 2831 234 2878 Mahnmetes
258 2830 382 2887 sultanus,
416 2829 511 2875 Eubma
533 2834 613 2888 capta,
660 2841 731 2886 quam
739 2840 785 2886 pre
796 2827 928 2875 conditione
934 2827 1057 2888 precepti.
1080 2827 1157 2890 (cap.
1166 2828 1190 2878 9.

76 2920 136 2954 enm
151 2905 266 2953 dissecuit
282 2905 321 2952 cui
336 2910 410 2965 eaput
423 2903 544 2950 incolume
560 2905 613 2950 lore
660 2902 766 2962 Princip.
776 2903 899 2951 Rhetoric.
914 2903 976 2950 falso
985 2904 1022 2951 illi
1031 2903 1134 2954 Doctorl
1143 2904 1189 2953 trl·

76 2981 232 3044 promiserat.
263 2979 340 3043 [Vide
362 2979 388 3027 J.
404 2978 558 3026 Cutem-rar.
583 2977 613 3025 de
659 2975 796 3039 buterum.)

77 3208 539 3283 fromthemostprobablesigns.
575 3207 667 3262 These
676 3207 751 3277 signs
760 3222 809 3261 are
818 3205 852 3261 ol
859 3212 915 3261 two
923 3205 1016 3270 kind,
1050 3207 1192 3275 ordaand

11 3269 361 3380 &otherconjecturesr
378 3297 469 3352 which
479 3312 527 3350 are
537 3293 701 3349 considered
711 3293 803 3348 either
812 3293 970 3366 scpamtcly
980 3310 1013 3348 or
1024 3295 1189 3368 conjointly.

137 3385 176 3440 lt
209 3384 327 3439 Ifthere
339 3385 363 3438 is
374 3399 413 3438 no
423 3384 584 3453 conjecture
593 3378 685 3433 which
698 3380 791 3450 points
802 3378 924 3434 another
937 3395 1024 3450 away,
1039 3380 1089 3435 the
1100 3381 1192 3439 words

78 3487 131 3525 are
140 3475 170 3524 to
179 3469 216 3525 be
224 3469 460 3533 understood,not
468 3467 656 3536 accordingto
663 3465 856 3536 grammatical
865 3465 920 3520 and
929 3465 1194 3538 etymological,but

78 3557 204 3630 popular
214 3556 368 3628 propricty,
381 3572 412 3609 ns
427 3552 574 3624 regulated
586 3553 624 3624 by
634 3568 728 3621 usage.
773 3551 848 3606 That
862 3569 917 3607 was
932 3569 950 3606 a
961 3551 1064 3609 foolish
1077 3554 1193 3610 ewaslon

79 3643 230 3698 therefore
242 3643 276 3698 of
286 3641 336 3697 the
347 3642 491 3704 Lourians,
506 3638 576 3703 who,
591 3639 672 3692 when
687 3638 755 3708 thoy
766 3637 823 3692 had
834 3655 926 3694 sworn
940 3639 1004 3696 that
1015 3640 1084 3713 they
1098 3638 1193 3696 would

79 3730 156 3802 keep
170 3729 246 3784 their
259 3736 389 3800 compact
402 3744 434 3782 as
448 3727 516 3796 long
534 3741 564 3778 as
579 3723 647 3795 they
663 3724 744 3779 stood
762 3742 840 3796 upon
852 3725 901 3781 the
913 3727 995 3781 earth
1010 3726 1067 3781 and
1082 3725 1193 3784 carried

80 3816 172 3872 heads
184 3831 221 3871 on
235 3815 311 3870 their
322 3813 477 3878 shouldors,
491 3817 544 3884 put
558 3810 639 3866 earth
656 3811 684 3863 in
700 3810 775 3865 their
794 3811 886 3876 choos,
905 3813 961 3866 and
979 3811 1067 3869 heads
1082 3813 1115 3868 of
1128 3829 1193 3884 gar.

81 3903 141 3958 lick
154 3918 192 3957 on
204 3901 280 3957 their
298 3900 454 3964 shoulders,
473 3899 530 3953 and
544 3897 613 3952 then
629 3895 717 3951 thren
732 3897 810 3952 thom
823 3915 918 3970 away;
940 3915 971 3953 as
986 3899 1012 3952 if
1026 3897 1095 3971 they
1107 3896 1193 3954 could

80 3990 113 4044 in
137 3987 201 4043 that
222 4005 285 4059 way
304 3988 367 4043 free
388 3986 555 4041 themselves
578 3984 653 4037 from
675 3983 750 4038 their
768 3984 853 4038 oath:
886 4001 917 4038 as
945 3984 995 4039 tho
1016 3990 1095 4057 story
1114 3985 1138 4039 is
1161 3985 1194 4040 in

80 4073 228 4145 Polybius.
253 4075 346 4128 There
361 4089 410 4128 arc
424 4088 502 4128 some
514 4071 657 4141 exemplos
669 4070 703 4123 oi
714 4070 821 4124 similar
832 4070 889 4124 bad
904 4070 976 4124 saith
990 4071 1020 4124 in
1033 4071 1193 4144 Polyaenus,

80 4158 175 4214 which
187 4160 209 4214 it
217 4160 240 4214 is
253 4167 304 4215 not
316 4175 463 4230 necessary
474 4164 504 4213 to
520 4156 684 4221 transcribe,
698 4156 819 4210 because
831 4155 913 4210 thero
925 4156 948 4210 is
961 4172 998 4210 no
1010 4165 1194 4230 controversy

79 4248 114 4302 in
137 4245 207 4299 such
228 4262 314 4300 cases.
362 4246 461 4299 Cicero
485 4242 591 4316 rightly
611 4260 684 4316 says,
705 4242 769 4298 that
786 4241 856 4297 such
877 4242 1000 4298 artilices
1015 4242 1053 4298 do
1075 4249 1127 4300 not
1146 4260 1195 4300 ex·

77 4337 209 4396 tenuate,
222 4331 275 4387 but
290 4330 424 4386 establish
438 4330 558 4403 perlidy.

83 4419 88 4425 “
140 4417 195 4472 ΙΠ.
240 4417 275 4472 In
289 4423 376 4472 terme
394 4417 427 4471 ol
438 4423 491 4480 art,
509 4417 649 4483 however,
670 4416 760 4473 which
775 4433 825 4472 are
836 4414 986 4490 popularly
997 4415 1101 4490 hardly
1111 4416 1196 4475 intel·
