2828 4928
28 253 124 312 Chr.
142 249 274 326 XXVL]
321 255 373 311 DE
397 255 534 312 CAUSIS
556 255 688 311 susus
711 255 764 311 UT
787 255 955 321 BELLUM,
977 256 1061 314 ETO.
1114 250 1174 314 451

37 419 269 510 Augustinus.
318 422 369 488 Sic
397 421 477 488 enim
510 423 575 490 ait:
600 426 695 510 Erpo
721 427 775 490 eir
793 426 913 509 justus,
941 427 973 490 si
990 428 1085 511 sorte
1113 428 1173 492 suh

40 545 132 608 repe
152 523 255 588 etium
273 525 432 609 sacrileyo
449 525 580 602 militet,
604 537 688 591 reete
700 535 807 611 potest
824 527 883 591 ilio
891 526 1025 610 jubente
1042 528 1172 604 bellare.

44 625 83 688 si
105 626 226 689 ciuicae
241 627 343 710 pecie
368 627 514 691 ordinem
533 647 678 702 seruans,
697 628 785 712 quod
806 628 873 691 sihi
881 627 1026 709 jubetur,
1043 628 1096 694 eei
1110 650 1175 694 non

47 745 127 790 csse
146 737 263 790 contra
282 727 348 791 Dei
367 737 571 812 praeceptum
595 738 702 792 certus
724 738 780 806 est,
799 728 850 791 cel
866 737 976 790 utrum
993 729 1048 804 sit,
1066 739 1176 794 certus

49 847 129 890 ozon
148 837 219 891 ost:
241 827 293 890 ita
314 839 351 891 ut
367 828 517 912 fortasse
534 849 625 892 reum
638 828 757 911 sociat
774 849 877 911 repom
896 827 1060 912 iniquitas
1077 829 1177 913 impo-

50 927 176 999 randi,
200 927 397 992 innocentem
422 938 530 992 autem
559 929 696 991 militem
723 928 871 993 ostendat
898 928 978 992 ordo
1005 929 1176 994 serviendi.

53 1026 105 1091 Et
132 1025 226 1091 alibi:
261 1028 364 1093 Miles
395 1049 469 1093 eum
494 1027 641 1093 obediens
669 1028 830 1114 potestati
854 1028 913 1092 suh
940 1050 1010 1111 quo
1036 1029 1332 1131 lepitimepeffwe.

55 1128 258 1193 constitutus
287 1140 334 1193 est
358 1129 518 1194 leontinum
543 1129 673 1202 occidit,
700 1129 815 1193 ¹‘retello
841 1129 990 1194 civitatis
1014 1151 1084 1195 sum
1111 1118 1202 1214 lepo'

55 1249 140 1292 reus
163 1239 210 1293 est
234 1229 407 1293 homicidii
418 1252 430 1292 .·
460 1229 527 1292 imo
550 1229 618 1292 nisi
630 1229 763 1312 feeerit,
791 1249 865 1294 rens
890 1240 937 1294 est
962 1230 1097 1314 imperii
1122 1231 1177 1296 de·

25 1409 30 1416 ,
55 1328 145 1392 serti
167 1339 265 1413 atque
291 1329 462 1393 contemti.-
487 1328 571 1413 quod
595 1328 626 1392 si
650 1349 713 1392 suo
736 1340 847 1412 sponte
863 1340 961 1414 otqzee
979 1330 1177 1396 erectoritote

46 1429 200 1512 fecisset,
218 1430 255 1492 in
271 1429 394 1494 crimen
410 1429 505 1512 effusi
523 1428 663 1492 humani
678 1429 852 1512 seripuinis
874 1430 1052 1498 incidisset.
1104 1431 1177 1494 Ito·

58 1549 124 1610 que
145 1529 231 1593 uude
252 1529 396 1614 patititur
419 1529 451 1594 si
468 1529 590 1613 fecerit
606 1528 759 1611 injussus,
776 1529 853 1594 inde
870 1530 1049 1613 prrniretur
1065 1531 1097 1595 si
1112 1550 1177 1594 non

49 1629 179 1713 feeerit
189 1627 311 1711 jussus.
359 1628 465 1714 Atque
482 1627 555 1692 hinc
571 1627 686 1715 passim
709 1637 837 1715 recepta
854 1637 902 1693 est
919 1627 1083 1706 sententia,
1101 1628 1174 1694 sub-
1189 1649 1343 1693 siiturus.

60 1726 148 1792 ditos
166 1728 250 1813 quod
267 1727 390 1815 attinet,
409 1727 478 1793 dari
498 1727 613 1793 bellum
640 1727 798 1815 utrimque
817 1726 947 1814 justum,
965 1726 1000 1794 id
1016 1736 1065 1796 est
1080 1727 1176 1817 injus·
1188 1698 1295 1784 diiii?
1304 1701 1324 1740 α

60 1824 135 1893 titia
151 1847 275 1904 vacans,
293 1847 355 1914 quo
372 1827 449 1893 illud
464 1827 639 1915 pertimet,
1188 1791 1330 1932 {offici

457 1948 525 2014 Quis
536 1949 640 2020 justius
655 1947 755 2003 induat
769 1962 848 2002 arma
1188 1929 1343 2014 mnus.

1189 2019 1247 2059 Vtct.
1256 2022 1282 2060 de
1289 2021 1347 2061 lure

365 2035 444 2091 Scire
458 2036 548 2092 nefas.
1189 2067 1241 2105 ueri.
1250 2076 1272 2106 s
1281 2068 1312 2106 sa

1189 2112 1263 2151 cover.
1273 2113 1298 2151 in
1306 2123 1324 2153 c.

139 2137 164 2200 4
198 2133 272 2200 Non
297 2141 384 2200 caret
408 2142 513 2199 tamen
538 2132 597 2198 hoc
625 2154 683 2199 sua
705 2131 896 2200 difficultate.
949 2131 995 2200 Et
1016 2132 1177 2201 Adrianus
1186 2160 1272 2253 imp
1278 2160 1338 2209 pere.

61 2241 198 2311 nostras,
225 2232 279 2320 qui
306 2233 533 2320 Cisalpinorum
556 2232 685 2299 ultimus
710 2232 860 2298 Pontifex
886 2233 1049 2300 Romanus
1074 2235 1326 2301 faciesne-uase.

62 2343 123 2414 est,
140 2333 350 2401 icontrsriam
373 2333 515 2401 defendit
537 2332 733 2412 senteutiam,
752 2355 823 2420 quta
845 2333 978 2400 stabiliri
995 2341 1099 2421 potest
1113 2357 1177 2400 non

1188 2297 1257 2346 quodi
1267 2298 1286 2336 2.

60 2489 180 2554 profert.)
646 2504 698 2538 eum
714 2490 829 2536 hominem
845 2490 971 2538 occidunt.-
993 2491 1036 2538 sed
1050 2505 1093 2539 nec
1107 2493 1179 2540 etiam

108 2575 121 2602 ⁰
137 2565 240 2629 Seneca]
256 2567 297 2614 De
310 2567 485 2616 controuersiis
494 2579 536 2614 111.
545 2566 570 2616 9.
644 2566 769 2614 homicide
784 2567 825 2612 isti
837 2567 960 2627 appellari
968 2566 1050 2614 solent.
1081 2567 1179 2616 Retulit

111 2642 218 2689 »Nulla
233 2643 338 2690 ciuitatis
356 2656 405 2689 euoe
421 2642 471 2703 leue
490 2656 544 2688 reus
564 2645 599 2687 eet
645 2641 777 2688 Gratianus
790 2641 815 2687 in
832 2656 909 2688 cuusae
920 2655 1002 2689 xxur.
1020 2642 1178 2704 questionem

61 2717 199 2777 homicidii]
216 2717 285 2765 Idem
299 2717 452 2777 Augustinus
466 2715 495 2762 de
508 2715 597 2762 Libero
643 2732 667 2764 v.
698 2717 749 2777 (Ex
760 2721 842 2778 cuph.
853 2718 910 2766 dict.
922 2717 989 2779 Lib.)

60 2795 174 2844 Arbitrio
184 2793 246 2839 libro
257 2806 275 2840 1.
307 2792 335 2839 Si
346 2792 499 2838 homicidium
508 2796 543 2838 est
553 2790 597 2836 ho·
687 2792 699 2821 ⁸
714 2793 806 2839 Versus
823 2792 933 2850 Luceni,
950 2793 1068 2841 Pharsal.
1086 2793 1142 2842 Lib.
1157 2805 1178 2843 t.

59 2873 149 2918 minem
164 2869 278 2925 occidere,
291 2872 369 2929 potest
384 2866 517 2928 aliquando
532 2865 598 2913 occi-
642 2869 833 2926 vers.126‚127.
864 2869 893 2917 J.
905 2871 937 2916 B.

59 2949 119 2994 dere
134 2947 185 2992 sine
195 2949 303 3007 peccato,
318 2949 408 2991 namet
422 2945 489 2989 miles
502 2944 598 3000 hostem,
688 2948 700 2981 t
727 2939 881 2986 Contrarium
902 2939 1008 3000 defendit
1027 2938 1176 3001 sententiam]

58 3022 167 3080 etjudee
177 3022 215 3068 uel
224 3021 330 3068 minister
340 3020 391 3078 eius
400 3024 522 3076 nocentem,
530 3018 598 3064 meni
643 3014 788 3074 Exemplum
806 3015 869 3061 hene
885 3017 1039 3076 sequentium
1055 3020 1093 3064 est
1109 3016 1176 3077 apud

49 3100 127 3160 sorte
142 3098 216 3143 invito
233 3101 304 3158 atque
321 3095 465 3155 imprudenti
480 3093 551 3139 telum
568 3093 597 3138 dc
643 3089 885 3149 Seniueburgensem.

59 3171 246 3232 monusuperit,
256 3184 302 3216 non
311 3169 371 3215 mihi
381 3168 490 3214 videntur
495 3179 598 3226 peecare

58 3412 168 3472 certain
183 3412 241 3466 thot
252 3412 325 3466 what
339 3411 362 3466 is
376 3412 552 3468 commanded
571 3413 594 3467 is
611 3422 659 3468 not
676 3413 785 3484 against
803 3412 844 3467 the
856 3418 978 3483 precepta
997 3409 1035 3480 of
1055 3407 1126 3475 eoo,
1145 3427 1179 3465 or

59 3504 97 3573 is
107 3502 138 3554 hc
149 3500 178 3554 hc
191 3507 238 3553 not
250 3498 353 3554 certain
364 3500 423 3552 thot
434 3499 456 3552 it
471 3500 493 3552 is
504 3516 551 3560 so:
575 3501 615 3554 the
629 3500 749 3570 iniquity
761 3501 798 3570 ey*
806 3500 847 3553 the
865 3497 1010 3552 commend
1020 3514 1086 3567 may
1099 3495 1178 3551 mulce

60 3589 106 3643 the
124 3586 189 3657 hiup
205 3586 302 3656 ouilty,
320 3587 365 3638 hiet
385 3585 426 3638 tho
443 3584 502 3639 rulo
516 3587 551 3659 ⁰f
563 3587 695 3640 obediente
709 3603 774 3656 moy
786 3585 864 3638 mehe
882 3585 922 3638 the
933 3583 1030 3637 soldier
1044 3582 1175 3639 innocent.

59 3673 131 3731 And
143 3672 303 3737 elsewhere,
320 3670 348 3725 A
363 3671 467 3735 soldier,
479 3672 555 3724 when
566 3672 596 3725 hc
608 3672 669 3725 lille
681 3689 700 3724 o
712 3689 787 3735 mon,
799 3671 909 3742 oheyinp
925 3670 1066 3740 lepitimote
1076 3685 1178 3741 power,

60 3763 88 3817 is
99 3768 147 3814 not
156 3759 245 3830 quiity
259 3760 297 3829 os
304 3758 440 3813 homicide.
475 3759 513 3830 Ι]
524 3759 554 3811 he
569 3759 702 3811 haddone
716 3775 744 3812 so
756 3758 867 3811 without
881 3757 1033 3820 commend,
1047 3756 1078 3811 hc
1088 3755 1181 3810 would

62 3850 94 3904 be
109 3847 188 3901 liuhie
203 3855 229 3901 to
239 3846 430 3918 peruishmentf
453 3845 484 3916 is
493 3845 523 3898 ho
537 3845 571 3898 do
583 3854 629 3898 not
641 3861 669 3898 so
684 3844 772 3898 errtder
784 3843 935 3907 commend,
947 3842 1012 3896 heis
1027 3842 1084 3896 also
1100 3840 1179 3896 lictu

61 3944 91 3991 to
100 3934 281 4005 punishment.
317 3932 383 3987 And
397 3930 487 3986 hence
499 3929 548 3984 tho
560 3931 677 4002 opinion
690 3930 712 3984 is
728 3930 905 4002 everywhere
917 3927 1055 3993 received,
1072 3927 1135 3983 that
1146 3943 1178 3982 so

61 4022 111 4078 far
128 4036 158 4074 as
177 4019 300 4088 subJects
318 4035 367 4073 are
382 4017 549 4082 concerned,
568 4017 650 4072 there
666 4033 732 4087 may
746 4016 782 4072 be
800 4034 870 4072 wars
886 4015 978 4072 which
998 4031 1048 4071 are
1063 4014 1123 4089 just
1140 4029 1180 4070 on

61 4104 136 4164 both
152 4106 234 4168 sides,
248 4105 311 4160 that
324 4106 357 4166 is,
372 4105 434 4159 free
445 4105 520 4158 from
535 4104 672 4175 injustice.
709 4104 747 4157 So
762 4104 870 4158 Lucan.

117 4199 135 4248 4
156 4193 215 4246 But
232 4191 289 4246 this
308 4192 453 4246 metieris
472 4197 524 4245 not
542 4190 661 4245 without
680 4189 839 4244 difficulties
858 4189 892 4243 of
909 4190 945 4243 its
964 4204 1036 4243 own.
1071 4185 1181 4242 Adrian

63 4297 119 4339 our
130 4285 325 4351 countrymau,
340 4279 403 4333 who
422 4295 478 4333 was
500 4277 550 4333 tho
569 4277 624 4333 last
647 4276 790 4348 Cisalpine
805 4276 893 4347 Pope,
914 4273 1033 4329 defends
1048 4272 1097 4328 the
1112 4289 1180 4327 con·

61 4376 143 4439 trary
155 4366 280 4437 opinion.
313 4365 379 4420 And
392 4366 415 4420 it
429 4383 495 4438 may
507 4365 543 4422 be
555 4364 720 4438 supported,
732 4371 782 4419 not
791 4362 930 4437 precisely
942 4378 979 4415 on
991 4359 1055 4414 that
1068 4357 1181 4430 ground

61 4452 156 4510 which
168 4452 206 4508 he
221 4452 353 4518 adduces,
364 4451 417 4509 but
429 4469 466 4508 on
483 4451 538 4509 this
550 4451 643 4507 which
657 4451 680 4506 is
695 4466 774 4507 more
788 4449 975 4523 satisfactory,
989 4446 1053 4504 thot
1064 4445 1102 4502 ho
1115 4445 1180 4501 who
