2828 4920
70 245 144 300 Car.
160 243 242 313 XX.]
525 247 578 302 DE
600 249 739 306 POENIS.
1128 248 1191 313 289

71 409 265 500 probabilis:
292 436 364 502 quae
384 422 491 482 antem
514 413 579 481 sint
601 437 703 482 causae
726 417 914 505 probabiles,
933 440 1112 507 quanquam
1128 441 1193 487 non

71 521 180 601 potest
206 516 339 601 praecise
366 514 501 592 definiri,
529 516 699 582 tenendum
730 527 836 584 tamen
868 528 926 597 est,
958 520 1093 608 majores
1122 541 1190 587 esse

72 613 192 680 debere
209 624 281 702 post
297 616 410 705 legem,
429 637 524 703 quam
550 637 621 702 quae
643 626 718 683 ante
738 618 842 706 legem
864 619 1098 706 spectabantur,
1116 619 1191 709 quia

72 712 154 802 legis
178 715 360 795 auctoritas,
391 737 487 804 quam
512 716 634 784 servari
655 717 733 784 utile
756 727 815 798 est,
839 718 882 785 ad
906 740 1017 786 causas
1040 719 1191 810 puniendi

71 814 212 881 accessit.

146 915 252 984 XXV.
302 916 413 983 Causae
441 924 547 984 autem
576 918 731 985 liberandi
764 918 900 1007 aliquem
931 941 952 988 a
981 943 1078 1008 poena
1108 921 1190 1012 legis

72 1012 175 1081 solent
190 1037 259 1082 esse
277 1026 333 1084 aut
351 1016 539 1095 intrinsecae,
556 1027 613 1085 aut
634 1018 829 1086 extrinsecae.
878 1020 1062 1098 Intrinseea,
1078 1043 1149 1088 eum
1162 1021 1191 1090 si

71 1136 137 1180 non
152 1115 279 1202 injusta,
297 1117 379 1184 dura
396 1125 502 1184 tamen
518 1127 567 1184 est
581 1141 676 1207 poena
690 1119 732 1185 ad
747 1120 865 1187 sactum
880 1129 1070 1209 comparata

150 1217 274 1285 XXVI.
321 1218 520 1297 Extrinseca,
548 1241 591 1285 ex
611 1219 724 1286 merito
747 1220 863 1307 aliquo,
890 1230 947 1288 aut
968 1221 1031 1287 alia
1053 1242 1090 1288 re
1106 1241 1190 1288 com-

71 1315 263 1394 mendante:
289 1318 464 1386 autetiam
490 1340 546 1406 spe
568 1341 684 1408 magna
704 1320 737 1385 in
762 1331 944 1407 posterumr
970 1321 1055 1409 quod
1084 1343 1188 1388 causae

72 1438 174 1505 genus
196 1426 271 1484 tune
292 1419 429 1485 maxime
452 1418 593 1497 sufficiet,
611 1419 638 1484 si
662 1419 745 1487 ratio
765 1420 846 1510 legis
862 1421 974 1488 saltem
991 1419 1190 1509 particulari·

71 1527 124 1582 ter
140 1528 243 1585 cesset
258 1519 292 1584 in
308 1519 392 1586 facto
417 1518 459 1585 de
480 1540 543 1606 quo
567 1518 685 1608 agitur.
737 1521 821 1586 Nam
839 1537 1022 1608 quanquam,
1036 1520 1079 1587 ad
1095 1520 1188 1588 susti·

71 1617 208 1682 nendam
223 1617 304 1707 legis
320 1619 489 1685 efficaciam
505 1618 582 1685 satis
604 1628 654 1684 est
675 1620 758 1686 ratio
784 1621 971 1687 universalis
985 1620 1054 1688 sine
1070 1642 1188 1712 repug-

70 1716 183 1784 nantia
199 1718 369 1786 contrarias
383 1719 524 1796 rationis,
543 1710 666 1786 itamen
688 1720 820 1786 cessatio
844 1720 985 1800 rationis,
1003 1719 1099 1787 etiam
1115 1743 1189 1809 quae
1298 1775 1300 1778 a

70 1817 272 1905 particularis
294 1830 353 1900 est,
380 1819 473 1886 efficit
498 1828 534 1887 ut
558 1818 611 1887 lex
636 1818 758 1885 facilius
783 1828 816 1887 et
841 1820 962 1888 minore
985 1842 1056 1887 eum
1073 1821 1188 1888 damno

69 1918 269 1985 auctoritatis
293 1920 373 1986 solvi
393 1918 501 2008 possit.
553 1920 593 1985 Id
617 1928 725 1985 autem
750 1919 885 1986 maxime
910 1920 1074 1988 usuvenit
1094 1921 1128 1987 in
1149 1921 1188 1990 iis

70 2018 194 2084 delictis
212 2041 283 2106 quae
298 2042 357 2108 per
380 2017 602 2109 ignorantiam,
621 2018 764 2107 quamvis
789 2018 880 2106 eulpa
897 2019 981 2085 omni
998 2042 1061 2086 non
1078 2042 1188 2087 caren-

69 2126 146 2196 tem,
164 2127 222 2186 aut
238 2141 297 2207 per
313 2119 410 2186 animi
429 2118 644 2185 infirmitatem
667 2119 876 2205 superabilem
893 2119 1019 2206 quidem
1035 2119 1093 2186 sed
1109 2119 1189 2186 diffi-

70 2218 173 2284 culter
189 2219 410 2308 superabilem,
428 2218 687 2286 committuntur:
711 2218 753 2285 ad
779 2240 850 2307 quae
874 2217 1072 2286 Christianus
1088 2218 1189 2287 homi-

68 2428 130 2475 pag.
140 2416 194 2469 227,
209 2415 263 2463 228.
292 2413 342 2478 Ed.
361 2414 485 2462 Harder'n.
515 2415 603 2474 Luem,
655 2414 722 2476 Opp.
735 2414 801 2472 Aug.
830 2410 1053 2475 EdBenedictia]

68 2491 114 2551 qui
131 2494 256 2552 tamqnam
276 2505 306 2538 ex
326 2490 466 2552 Augustino
486 2491 603 2547 adfertur,
685 2489 705 2546 ,¹
724 2491 811 2537 Tamen
821 2489 921 2536 cessatio
931 2489 1042 2547 rationis,
1055 2488 1187 2550 etiamque

69 2579 120 2612 non
132 2570 169 2613 est
178 2566 243 2617 illins
253 2565 343 2623 Patris,
358 2579 505 2626 quamquam
515 2564 603 2611 millies
649 2565 813 2627 particularis
822 2571 863 2622 est,
879 2565 952 2628 efficit
961 2569 987 2611 stt
999 2564 1037 2611 lea
1046 2563 1153 2626 facilius
1164 2565 1188 2611 at

68 2647 114 2689 su'a
131 2643 206 2703 ipsius
216 2643 313 2688 nomine
323 2641 443 2698 laudatus,
458 2640 603 2687 etamultls
653 2643 744 2688 minore
763 2654 815 2687 erem
842 2639 929 2685 danaae
950 2639 1104 2687 auctoritatis
1126 2639 1188 2687 sotei

69 2720 233 2777 Auctoribns3
256 2717 299 2764 sed
316 2717 380 2763 illius
397 2715 439 2777 qui
458 2715 603 2776 Qaoestiona
649 2714 741 2777 possit]
759 2715 840 2761 Multa
854 2715 886 2760 nd
901 2715 964 2761 hanc
977 2728 1028 2762 rem
1042 2714 1113 2761 utilis
1126 2727 1186 2762 eon·

74 2795 123 2844 Vct.
140 2801 164 2843 et
177 2795 212 2843 N.
231 2795 373 2843 Testamenti
388 2793 492 2853 scripsit,
508 2793 603 2848 Quasi.
652 2792 731 2855 gessit
741 2791 873 2839 Gratianus
882 2803 956 2838 causa
965 2802 984 2840 1.
995 2789 1128 2852 quaestione
1138 2790 1161 2840 7.
1179 2852 1184 2858 μ

70 2873 112 2921 De
130 2872 195 2921 Fato
219 2873 272 2920 115.
311 2868 449 2931 Appendle.
473 2869 544 2917 Tem.
560 2880 603 2915 m.

69 3125 146 3182 atter
170 3124 221 3182 the
245 3126 307 3189 law,
332 3123 403 3180 than
426 3140 500 3179 nere
521 3123 662 3196 regarded
689 3121 790 3178 before
816 3119 867 3176 the
888 3119 959 3184 lans
984 3116 1107 3174 because
1135 3115 1187 3174 the

68 3213 216 3285 authority
234 3213 268 3267 ot
283 3210 334 3266 the
352 3211 414 3276 law,
430 3210 522 3265 which
544 3211 568 3265 it
590 3211 613 3265 is
631 3210 788 3282 important
806 3214 837 3262 to
863 3219 1004 3278 preserve,
1018 3202 1081 3293 ‘has
1109 3202 1186 3261 been

68 3300 165 3355 added
180 3306 211 3355 to
226 3299 276 3355 the
291 3297 374 3354 other
389 3313 487 3353 causes
502 3296 536 3351 of
545 3294 739 3368 punishment.

131 3386 229 3442 XXV.
254 3386 256 3391 ’
276 3384 338 3440 The
356 3400 453 3440 causes
471 3382 505 3438 ot
520 3382 671 3451 liberating
688 3397 744 3452 any
761 3394 815 3434 one
838 3376 913 3432 trem
930 3374 980 3432 the
1001 3376 1186 3448 punishment

69 3470 167 3529 ottho
180 3473 242 3538 law,
262 3488 312 3527 are
332 3470 493 3542 commonly
513 3467 606 3525 either
626 3467 754 3522 intrinsie
776 3480 810 3520 or
828 3463 980 3519 estrinsic:
1000 3479 1038 3517 an
1057 3462 1185 3519 intrinsie

70 3576 156 3615 cause
169 3560 192 3615 is
206 3557 289 3614 when
303 3556 354 3613 the
366 3556 558 3631 punishment,
573 3552 683 3625 though
697 3559 750 3609 not
763 3551 868 3622 unjust,
880 3550 904 3604 is
919 3565 1016 3606 serere
1031 3544 1185 3623 compared

69 3645 324 3789 WlsslltllllllCthn
345 3728 478 3788 extrinsie
499 3744 584 3784 cause
601 3727 635 3781 ot
650 3724 797 3780 remissior
820 3723 854 3777 ot
872 3721 1056 3795 punishment
1077 3723 1102 3778 is
1119 3722 1184 3779 that

69 3819 163 3875 which
191 3820 279 3875 arises
307 3819 383 3874 from
412 3832 491 3872 some
517 3814 602 3869 nrcrit
629 3829 662 3869 or
691 3811 773 3866 other
801 3809 882 3881 thing
908 3808 1107 3880 commcnding
1133 3806 1185 3865 the

69 3898 241 3962 offenderto
256 3922 369 3977 mercyr
392 3921 425 3958 or
448 3902 522 3956 from
544 3918 562 3954 a
580 3906 660 3970 great
680 3897 755 3969 hope
771 3897 805 3952 ot
823 3895 882 3951 him
906 3896 936 3950 in
954 3895 1070 3960 suture;
1091 3891 1185 3949 which

69 3991 139 4045 kind
154 3992 189 4046 of
200 4009 284 4046 causo
299 3992 356 4045 will
371 3990 440 4045 then
456 3989 493 4043 be
511 3986 545 4042 ot
556 3994 630 4040 most
645 3985 726 4048 arnil,
739 3985 764 4038 if
780 3983 830 4038 the
847 3998 948 4038 reason
963 3982 996 4037 ot
1006 3980 1057 4038 the
1075 3979 1137 4046 law,
1152 3985 1184 4035 at

69 4070 186 4132 least‘in
200 4095 219 4132 a
238 4077 395 4149 particular
414 4075 505 4146 point,
520 4088 615 4129 ceascs
636 4088 666 4124 as
690 4077 721 4124 to
739 4069 788 4124 the
810 4069 869 4124 fact
887 4069 917 4123 in
939 4069 1080 4140 question.
1125 4065 1184 4121 For

69 4163 208 4235 although
219 4171 248 4218 to
257 4162 366 4218 sustain
377 4160 427 4216 the
439 4161 553 4232 efficacy
565 4157 657 4213 ottho
668 4156 729 4220 law,
738 4155 787 4211 the
800 4154 940 4209 universal
954 4168 1054 4208 reason
1063 4151 1182 4216 sufficet,

69 4249 152 4305 there
167 4249 253 4320 being
268 4266 306 4305 no
322 4255 482 4320 repugnant
497 4252 630 4318 contrary
645 4259 764 4306 reason3
790 4247 839 4312 yet
862 4239 912 4295 the
934 4239 1074 4294 cessation
1088 4237 1183 4294 ottho

69 4352 171 4392 reason
186 4335 290 4391 torthe
300 4335 456 4407 particular
465 4350 538 4399 case,
547 4333 645 4388 effecte
654 4329 717 4386 that
732 4328 782 4383 the
794 4327 846 4382 law
860 4341 926 4397 may
941 4325 977 4381 be
993 4341 1073 4380 more
1087 4323 1185 4397 easily,

69 4423 128 4479 and
139 4422 206 4479 nith
220 4423 276 4479 less
291 4422 348 4478 loss
360 4421 394 4478 et
406 4421 560 4494 authority,
571 4417 718 4476 loosened.
755 4413 821 4468 And
834 4412 891 4468 this
908 4412 1037 4486 happens
1057 4416 1132 4468 most
1153 4411 1185 4469 ia

1039 4521 1084 4585 19

165 4577 287 4664 [eaor.
303 4574 360 4668 ra]
