2828 4920
232 235 297 302 140
446 245 742 304 ostentamus
765 243 814 302 AC
837 243 1134 303 SPONSIONIBUS.
1223 239 1300 312 [aa.
1310 242 1352 302 11.

66 423 196 468 amaa.
232 411 377 502 exemplo
401 433 471 492 suo,
489 434 560 480 cum
586 434 607 479 a
631 410 821 480 samaritide
847 409 966 477 femina
989 430 1105 498 equam
1126 406 1271 497 accipere
1286 431 1352 476 non

67 589 106 627 ele.

67 773 141 824 mm

67 539 139 580 aaa
150 539 215 581 usu
233 510 400 592 recusavit,
421 511 501 603 legis
522 512 638 600 ubique
659 510 960 580 observantissimus.
1010 509 1126 577 Sedet
1146 508 1220 575 olim
1243 509 1351 576 David
1373 600 1374 603 Ἴ

233 611 320 702 epnd
336 611 468 701 populos
489 612 682 703 irreligiosos
700 613 878 702 perfugium
901 610 961 678 sibi
978 609 1178 700 quesiverat
1196 631 1350 697 nusquam

67 724 197 767 mrim
233 733 272 780 eo
288 711 413 779 nomine
436 713 655 802 reprehensus.
704 713 800 800 Apud
823 712 1000 800 Josephum
1019 711 1178 777 Solomoni
1196 710 1349 798 templum

232 811 401 894 dedicanti,
420 820 453 879 et
478 812 582 879 oranti
607 822 644 880 ut
669 814 758 879 Deus
782 812 826 879 ibi
849 812 945 879 etiam
969 809 1218 900 alienigenarum
1239 833 1351 900 preces

233 912 409 990 exaudiret,
426 912 495 978 haec
512 911 662 978 tribuitur
679 912 800 980 oratio:
827 907 919 994 ἡμεῖς
945 907 1002 980 οὑκ
1030 905 1252 1001 ἀπάνθρωποι
1283 909 1350 995 τήν

234 1009 338 1110 φῦσιν
354 1007 467 1092 dende,
485 1005 559 1081 eiii
576 1007 764 1105 ἀλλοτρίως
779 1009 863 1106 srpde
881 1006 956 1085 τοιλ·
974 1005 1041 1105 οὐχ
1063 1006 1254 1105 ὁμοφύλους
1270 1005 1349 1107 ἕχο-

232 1133 306 1198 pes·
329 1135 395 1181 aaa
418 1135 530 1180 eumue
553 1113 734 1179 iadatmaao
752 1115 882 1201 impertio
907 1133 1006 1197 aeque
1027 1111 1115 1177 mole
1136 1115 1249 1198 affecti
1267 1137 1349 1201 erpa

233 1225 413 1282 extremos.

309 1317 332 1382 ὃ
363 1309 551 1400 Excipientli
574 1310 616 1388 ab
632 1311 692 1379 hac
709 1314 823 1404 regula
845 1337 907 1381 non
930 1313 975 1380 illi
995 1320 1118 1381 tantum
1140 1312 1248 1402 populi
1270 1335 1349 1402 quos

232 1412 495 1503 supradiximus,
518 1410 575 1477 sed
591 1410 719 1501 insuper
738 1415 927 1481 Ammonitas
945 1424 978 1482 et
994 1411 1155 1490 Moabitae,
1171 1414 1212 1480 de
1234 1414 1349 1503 quibus

231 1513 384 1602 scriptum
401 1522 450 1580 est
465 1512 561 1579 Dent.
574 1510 661 1577 erili.
674 1515 705 1578 6.
736 1516 815 1582 Non
833 1539 956 1602 qrtceres
965 1516 1221 1603 prosperitatem
1238 1537 1350 1581 eorum

232 1613 292 1700 (ita
315 1612 431 1680 rectius
453 1611 601 1678 hocloco
623 1607 757 1679 verteris
779 1605 878 1687 umber
896 1637 989 1702 quam
1015 1637 1123 1702 pacem
1145 1609 1267 1701 eorum)
1290 1639 1350 1683 aec

232 1717 349 1782 donum
360 1711 470 1781 coium
483 1714 563 1779 ullis
579 1713 693 1779 dietus
711 1716 778 1780 tuis
791 1737 947 1802 anquam.
985 1715 1108 1794 Quibus
1119 1715 1224 1782 serbis
1238 1716 1350 1783 federa

231 1813 371 1882 benefica
389 1836 460 1881 cum
483 1812 544 1880 illis
560 1812 682 1901 populis
699 1824 858 1892 vetantur,
883 1837 946 1881 non
965 1817 1058 1881 etiam
1078 1815 1132 1903 jus
1149 1815 1222 1882 belli
1239 1839 1349 1883 conce·
1372 1815 1375 1821 ’

232 1913 338 1982 ditur:
363 1923 420 1981 aut
441 1922 537 1991 certe,
559 1935 634 2000 quae
656 1913 867 1980 Hebraeorum
891 1917 1087 2003 quorundam
1109 1918 1266 1983 sententia
1288 1926 1347 1994 est,

231 2023 441 2103 retatnrpex
461 2013 581 2081 abillis
603 2012 760 2102 petinam
781 2012 876 2080 etiam
896 2016 1002 2082 oblata
1024 2016 1133 2105 accipi.
1182 2017 1277 2084 Certe
1294 2018 1349 2105 jus

231 2114 306 2182 belli
322 2115 356 2180 in
371 2114 567 2182 Ammonitas
584 2113 729 2180 Hebraeis
742 2122 879 2204 negatur
896 2117 991 2182 Deut.
1002 2115 1032 2182 ii.
1045 2119 1088 2182 19
1101 2140 1109 2182 :
1127 2138 1231 2205 neque
1246 2117 1349 2206 Jepb·

231 2215 303 2282 thcs
327 2237 417 2282 arma
441 2214 474 2280 in
496 2235 550 2279 eos
573 2212 680 2290 movit,
704 2213 763 2280 nisi
786 2223 857 2303 post
880 2223 1017 2282 tentatas
1036 2237 1138 2304 aequae
1159 2215 1245 2306 pacis
1267 2216 1348 2297 vias,

135 2360 141 2373 .
232 2336 335 2404 neque
362 2313 467 2381 David
489 2312 549 2379 nisi
574 2312 733 2380 atrocibus
763 2314 883 2405 injuriis
908 2315 1076 2383 lacessitus.
1123 2316 1175 2383 De
1196 2316 1349 2385 societte

232 2412 345 2482 bellica
360 2413 492 2503 questio
507 2423 660 2503 superest.
1165 2505 1167 2509 Ι

307 2518 329 2581 6
359 2515 445 2581 Ante
461 2513 575 2604 legem,
593 2515 674 2579 hanc
692 2536 817 2603 quoque
834 2537 898 2582 non
915 2515 1054 2584 illicitam
1070 2511 1166 2585 fuisse
1184 2539 1255 2584 cum
1271 2532 1349 2608 pro-

162 2656 169 2669 ·
230 2614 312 2682 sanis
326 2614 483 2706 gentibus,
501 2613 643 2701 exemplo
659 2624 793 2702 apparet
808 2616 1021 2694 mAbraluami,
1040 2616 1149 2705 impios
1168 2618 1349 2687 Sodomitas

229 2714 312 2782 bello
328 2713 515 2803 adjuvantis.
556 2713 589 2778 N
590 2736 625 2779 ec
642 2713 713 2818 lege
731 2714 829 2782 Masis
845 2715 1011 2803 quicquam
1029 2718 1220 2806 generaliter
1236 2719 1296 2785 hac
1313 2719 1348 2787 in

228 2837 266 2882 re
282 2823 437 2881 mutatum
454 2812 581 2903 legitur.
634 2816 740 2901 Atque
756 2814 803 2881 ita
820 2816 963 2883 ridemus
979 2817 1112 2882 sensisse
1129 2821 1347 2898 ¹¹Asmonaeos‚

228 2913 309 3005 legis
323 2923 357 2981 et
372 2912 491 3003 peritos
508 2922 541 2979 et
557 2925 741 2980 reverentes
758 2916 937 2994 admodum,
955 2927 992 2983 ut
1009 2939 1050 2983 ex
1066 2917 1216 3008 religiosa
1232 2917 1349 2985 sabba·

272 3082 291 3110 ¹
307 3071 456 3134 Atralame’]
472 3072 542 3120 Idem
558 3085 613 3120 cnm
630 3070 720 3120 Eseole
735 3077 761 3119 et
811 3074 949 3134 exemplum
963 3076 1041 3122 eecnti
1056 3075 1220 3135 Imperatores
1233 3081 1260 3124 et
1273 3091 1348 3139 reges

227 3149 313 3198 Anero
323 3149 404 3196 foedue
416 3149 482 3195 fecit.
505 3148 580 3206 (Gen.
591 3147 638 3195 xiv.
651 3147 701 3205 13.)
721 3147 761 3193 Sic
812 3149 945 3198 Christiani
959 3152 1043 3198 sedere
1057 3158 1100 3198 aut
1113 3165 1168 3198 cum
1179 3167 1228 3198 non
1239 3153 1348 3203 Christi-

228 3229 254 3273 et
264 3224 344 3272 David
358 3238 413 3271 cnm
423 3223 487 3270 Aelni
501 3228 525 3270 et
540 3222 629 3277 Nnaso,
645 3223 761 3268 Salomon
811 3225 870 3282 anis,
885 3232 928 3273 ent
940 3241 995 3274 enm
1009 3241 1058 3273 non
1076 3241 1133 3273 sane
1147 3226 1291 3275 Christianis
1307 3232 1347 3279 fe-

227 3313 284 3347 cum
307 3299 442 3361 AEgyptiie,
465 3300 517 3346 Asa
541 3311 595 3344 cum
621 3296 760 3344 Benadndo.
811 3315 873 3358 cere,
889 3302 1065 3349 Constantinus
1075 3316 1129 3349 cum
1142 3302 1230 3349 Gothis
1240 3309 1265 3350 et
1275 3305 1346 3352 Ven-

229 3374 306 3438 [Vide
323 3388 341 3423 1.
355 3377 421 3422 Sam.
437 3374 511 3421 xxvii.
535 3374 681 3420 11.Sam.x.
698 3374 720 3417 2.
742 3385 761 3418 1.
811 3373 879 3430 dalle,
902 3373 1056 3420 Justinianns
1080 3374 1346 3436 cum'tongobastts2

230 3451 296 3513 Beg.
305 3451 338 3498 iil.
351 3455 372 3498 1.
385 3457 411 3497 et
420 3464 457 3496 xv.
470 3446 520 3508 tm]
811 3460 866 3493 cum
874 3449 1006 3504 Saracenis,
1015 3449 1109 3506 Alanis,
1119 3451 1228 3510 Gepidis,
1236 3451 1347 3512 Francis,

274 3533 287 3559 ⁸
302 3526 440 3573 Aemonaoe
450 3523 510 3584 lepte
527 3527 549 3568 et
562 3522 655 3582 peritos
665 3527 687 3568 et
697 3536 761 3568 rere·
812 3523 903 3578 Suevie,
914 3523 1037 3578 Vandalis,
1047 3524 1204 3583 Theodosius,
1213 3527 1347 3586 Honorius,

229 3606 306 3650 meo
324 3597 464 3658 admodum]
487 3598 552 3645 Laus
570 3611 654 3644 eorum
679 3603 717 3643 est
736 3597 761 3642 in
811 3597 871 3655 Leo,
881 3599 1015 3655 lleraclius,
1026 3599 1137 3656 Basilius,
1147 3601 1347 3666 lsaeciusAnge.

229 3677 372 3737 Thergnmo
387 3674 526 3730 chaldaico,
543 3672 568 3717 in
583 3672 651 3717 libris
663 3673 761 3718 blacen-
811 3673 857 3729 lus,
865 3674 1027 3733 Pnlseologns:
1039 3688 1093 3719 rum
1103 3675 1195 3722 llauris
1204 3691 1275 3737 reges
1286 3680 1347 3728 Eis.

228 3750 638 3815 beaminepbtolascflebreos.
663 3749 760 3795 Horum
811 3749 890 3808 panim
907 3751 1025 3796 Attonsae
1045 3751 1203 3811 Hispalensis,
1222 3753 1346 3815 Kamiros,

287 4007 305 4058 5
334 4000 451 4057 Besidce
467 3999 517 4055 the
528 4000 678 4071 exception
693 3999 727 4053 of
739 3998 788 4054 tho
804 4000 925 4070 Peoples
944 4000 978 4055 of
994 4001 1120 4063 Conana,
1135 4001 1185 4058 the
1204 4003 1345 4063 Ammon.

227 4088 282 4144 itee
296 4087 353 4142 and
370 4087 512 4142 Moabitee
525 4086 584 4141 also
600 4103 649 4141 are
671 4086 816 4156 exeepted.
861 4087 1015 4142 Beneficial
1037 4087 1150 4160 leaguos
1173 4091 1242 4147 with
1263 4095 1346 4150 them

225 4190 278 4231 ere
288 4173 451 4239 forbidden,
462 4174 515 4229 but
529 4190 586 4227 war
601 4173 624 4227 is
639 4181 690 4227 not
705 4171 878 4227 authorized.
926 4175 981 4229 See
996 4173 1045 4228 tho
1057 4192 1197 4248 passages.

286 4265 304 4317 6
334 4261 391 4318 See
412 4261 473 4318 also
498 4260 549 4316 the
570 4258 700 4330 example
721 4260 755 4313 of
772 4258 918 4314 Abraham
937 4261 994 4315 and
1017 4261 1061 4316 bis
1084 4263 1185 4336 leugae
1206 4266 1275 4322 with
1293 4267 1346 4324 the

226 4345 297 4418 king
310 4349 345 4404 of
354 4349 471 4405 Sodom.
514 4347 581 4403 And
593 4347 642 4404 the
653 4345 822 4402 Maccabeos
837 4347 921 4402 mado
937 4347 1051 4420 leugues
1069 4351 1138 4405 with
1157 4353 1268 4409 Greeks
1286 4355 1346 4410 end

226 4433 361 4490 Romans.
