2828 4920
73 235 145 290 Car.
161 229 287 304 XXIV]
320 235 453 291 JUSTIS
476 234 612 290 CAUSIS
636 235 897 293 SUSCIPIENDO
918 236 1053 293 BELLO.
1125 231 1186 292 421

73 387 289 509 droithaxdan
325 393 521 461 Andronicus
538 393 691 472 Rhodius,
709 395 763 461 ubi
781 397 1012 486 magnanimum
1029 398 1187 477 describit,
1200 408 1284 505 fflplg'·
1278 411 1312 449 ὦ

74 496 133 574 ait,
163 519 235 563 eum
254 518 318 562 non
338 497 379 562 ob
404 495 531 582 quasvis
559 517 668 561 causas
690 496 829 582 pericula
856 499 1041 577 subiturum,
1064 499 1122 565 sed
1146 500 1187 568 ob

74 595 237 664 maximas.

144 701 167 762 3
204 696 336 774 Altera;
354 695 382 761 si
396 695 542 761 rideatur
557 716 625 761 esse
642 694 763 782 aequale
779 696 894 762 bonum
910 706 942 764 et
959 699 1083 776 malum,
1103 700 1187 789 quod

22 837 25 844 ·
75 819 95 864 a
114 819 162 874 re,
186 798 227 863 de
250 818 313 885 qua
334 795 496 882 quaritur,
518 795 616 881 possit
641 796 832 881 procedere:
859 797 905 863 ita
927 799 1052 866 demum
1076 823 1114 866 ea
1134 823 1186 868 res

76 896 224 988 eligenda
241 904 298 974 est,
316 896 342 961 si
359 895 493 961 efficacia
509 894 551 959 nd
568 895 682 960 bonum
700 917 793 981 quam
810 897 851 962 ad
869 899 983 963 malum
1002 899 1101 988 major
1118 900 1167 966 sit.

152 997 271 1073 Tertia,
289 996 315 1063 si
334 995 478 1061 videatur
496 1001 528 1059 et
545 994 660 1058 bonum
678 1005 710 1061 et
727 996 840 1060 malum
860 1019 927 1063 esso
943 998 1105 1086 inaequale,
1128 1023 1186 1066 nee

74 1097 178 1164 minus
201 1096 360 1183 inaequalis
385 1117 490 1160 rerum
514 1093 666 1160 efficacia:
692 1116 743 1160 res
760 1117 798 1161 ea
823 1097 868 1162 ita
890 1098 1015 1164 demum
1041 1099 1185 1190 eligenda

73 1207 134 1275 est,
151 1196 198 1262 ⁰si
215 1196 349 1262 efficacia
360 1196 401 1261 ad
416 1195 532 1261 bonum
548 1193 648 1280 major
663 1193 703 1260 sit
720 1195 833 1261 collata
846 1198 986 1264 efficacite
1002 1199 1044 1265 ad
1058 1200 1183 1278 malum,

73 1319 170 1385 quam
185 1297 284 1384 ipsum
302 1295 418 1362 malum
435 1306 483 1361 est
499 1293 645 1359 collatum
663 1295 763 1374 bono;
782 1305 838 1362 aut
854 1297 880 1362 si
896 1299 1010 1363 bonum
1028 1299 1068 1365 sit
1085 1300 1185 1387 majus

72 1397 308 1486 comparatione
332 1395 414 1473 mali,
439 1416 533 1483 quam
555 1394 690 1462 efficacia
710 1396 753 1462 ad
778 1396 893 1462 malum
919 1407 1099 1486 comparata
1122 1401 1185 1466 effi·

73 1497 170 1564 cariae
185 1497 246 1562 ³ad
263 1497 390 1563 bonum.

151 1599 174 1662 4
208 1599 287 1662 Haee
301 1618 359 1662 nos
374 1594 511 1662 limatius
527 1595 639 1682 peulo;
658 1597 714 1663 sod
730 1597 840 1663 codem
857 1597 958 1665 tendit
975 1599 1027 1665 via
1042 1597 1185 1687 planiore

74 1697 206 1764 Cicero:
233 1719 303 1762 eum
325 1695 380 1772 ait,
406 1695 598 1784 fugiendum,
622 1719 662 1762 ne
682 1697 848 1763 offeramus
870 1721 927 1763 nos
949 1699 1094 1785 periculis
1117 1700 1183 1765 sine
1198 1710 1349 1762 mortale*

72 1819 178 1873 causa,
201 1818 263 1884 quo
283 1795 361 1861 nihil
381 1803 572 1882 potestesse
594 1796 739 1863 stultius:
763 1807 957 1884 quapropter
977 1797 1011 1863 in
1032 1796 1185 1865 adeundis

71 1897 219 1986 periculis
251 1894 505 1962 consuetudinem
531 1894 714 1962 imitandam
747 1897 948 1974 medicorum,
984 1897 1039 1984 qui
1070 1896 1185 1965 leviter

72 2005 265 2086 aegrotantes
276 1994 388 2062 leviter
400 2004 521 2072 curant,
535 1995 732 2083 gravioribus
749 2005 854 2062 autem
868 1996 984 2063 morbis
996 1996 1185 2085 periculosas

72 2097 250 2164 curationes
275 2104 308 2162 et
336 2095 487 2182 ancipites
514 2095 664 2161 adhibere
694 2105 867 2186 coguntur:
895 2117 993 2183 quare
1017 2097 1184 2164 subvenire

71 2197 252 2285 tempestati
274 2195 422 2282 sapientis
441 2217 509 2261 esse
527 2194 609 2272 dicit,
632 2217 732 2283 eoque
752 2195 851 2285 magis
872 2195 898 2260 si
917 2196 986 2284 plns
1007 2196 1181 2285 adipiscare

70 2318 108 2363 re
126 2297 283 2384 explicata
300 2295 374 2361 boni
389 2316 483 2380 quarn
498 2293 684 2360 addubitata
701 2295 782 2361 mali.

149 2400 170 2464 5
201 2398 245 2464 Et
261 2395 354 2462 alibi·
379 2390 477 2462 Uoi’
462 2398 655 2484 επὶτευγμα
673 2418 828 2480 mayenne
840 2397 913 2461 null
912 2419 966 2461 am
976 2398 1056 2480 fieri
1065 2400 1182 2485 possit,
1196 2413 1311 2501 epm
1318 2459 1350 2505 at

69 2491 277 2587 ἀπότευγμα
302 2497 354 2562 vei
377 2517 441 2561 non
465 2517 621 2581 mappam
642 2498 827 2562 nociturum
849 2498 904 2571 eit,
927 2498 1010 2583 quid
1034 2520 1115 2583 opas
1138 2510 1185 2564 eet

70 2673 158 2736 regule
173 2672 306 2733 prudenter
322 2671 412 2717 Narseo
426 2669 493 2730 apud
513 2669 605 2716 Proeo·
654 2669 745 2716 dudum
756 2669 944 2726 observaveram,
960 2670 985 2716 in
1000 2671 1057 2717 n’oe
1068 2671 1099 2718 ed
1112 2672 1185 2718 modo

69 2752 139 2813 pium
151 2748 314 2796 Gottit'eorum
324 2747 435 2805 11.(eep.
445 2744 495 2803 18.)
653 2745 744 2790 dictum
765 2745 954 2793 l'nrrunonru
973 2746 1062 2806 locum,
1082 2747 1186 2795 fidenter

115 2824 233 2871 ³Vocem
254 2822 321 2868 illam
340 2819 461 2883 efficacia,
484 2832 556 2881 quam
576 2818 602 2864 in
652 2817 756 2867 restitut.
785 2819 853 2868 J.B.

70 2900 182 2948 omnibus
199 2897 353 2944 Editionibus
372 2895 499 2942 manifesto
519 2893 602 2940 deesse

126 3144 188 3201 The
206 3143 282 3199 third
298 3144 361 3199 rule
378 3144 411 3209 is,
433 3143 459 3197 if
476 3143 525 3199 tho
547 3141 622 3213 good
644 3144 701 3198 and
720 3143 769 3199 the
788 3144 843 3199 evil
864 3144 901 3198 be
916 3143 1047 3215 unequal,
1061 3143 1118 3199 and
1133 3143 1184 3200 the

69 3231 186 3302 efficaey
200 3237 231 3284 to
246 3230 295 3285 the
311 3247 366 3285 one
380 3230 438 3283 and
461 3229 510 3283 tho
533 3229 615 3284 other
632 3228 692 3284 also
711 3230 855 3301 unequal3
878 3229 927 3284 tho
946 3229 1027 3299 thing
1045 3229 1069 3282 is
1092 3236 1123 3285 to
1145 3229 1183 3285 he

69 3316 186 3380 choscn‚
207 3317 234 3370 if
256 3315 307 3370 the
328 3317 442 3387 efficacy
464 3322 494 3370 to
515 3315 589 3385 good
611 3316 763 3387 compared
784 3315 852 3369 with
872 3315 921 3370 tho
944 3316 1058 3385 eilicncy
1075 3320 1105 3369 to
1127 3315 1183 3370 evil

68 3402 107 3458 bo
122 3408 235 3472 greater
248 3401 319 3456 than
333 3401 383 3455 the
398 3402 453 3456 evil
467 3403 491 3455 is
505 3402 657 3473 compared
673 3403 740 3456 with
765 3401 814 3456 tho
833 3401 923 3472 good3
945 3399 1019 3454 orii
1036 3399 1086 3454 the
1107 3399 1183 3471 good

69 3487 223 3559 compared
238 3486 306 3540 nith
321 3486 371 3541 the
382 3486 437 3541 evil
451 3486 487 3542 bo
501 3495 615 3558 greater
629 3487 699 3542 than
714 3488 763 3543 the
778 3488 893 3560 efficecy
908 3485 942 3542 os
955 3485 1005 3540 tho
1019 3501 1118 3541 means
1136 3485 1184 3542 sor

69 3575 127 3630 evil
141 3573 295 3644 compared
310 3572 378 3625 nith
391 3574 426 3626 its
442 3574 556 3646 efficacy
568 3574 614 3629 for
627 3574 711 3645 good.

129 3666 151 3714 4.
176 3659 228 3715 We
251 3658 324 3713 hare
347 3659 441 3712 stated
464 3658 520 3713 this
547 3659 701 3715 somewhnt
721 3658 861 3729 sormally.
909 3657 1007 3713 Cicero
1030 3675 1125 3714 comes
1152 3664 1183 3714 to

69 3745 121 3802 the
145 3762 223 3801 same
244 3744 333 3799 result
358 3744 428 3815 bya
452 3744 563 3816 plainer
584 3763 653 3817 way,
674 3744 755 3800 when
777 3743 813 3799 hc
836 3761 907 3815 says,
930 3743 993 3798 that
1016 3761 1059 3800 wo
1078 3761 1128 3800 aro
1152 3751 1183 3799 to

69 3833 153 3887 avoid
173 3831 318 3902 incurring
339 3830 447 3888 ‹laneer
468 3830 586 3884 without
604 3849 696 3894 cause,
719 3831 788 3884 than
813 3829 902 3882 which
927 3829 1047 3901 nothing
1073 3848 1124 3885 ean
1146 3830 1183 3886 be

128 3937 133 3948 ·
184 3935 218 3972 oo
232 3937 290 3972 rsr·
314 3936 336 3969 n
359 3918 477 3979 oresore,
489 3917 517 3969 in
533 3934 677 3970 rneurrrnrr
716 3933 945 3979 ancorae-care
974 3915 1183 3971 ornnatetho

68 4004 196 4077 practice
218 4004 251 4058 of
270 4004 439 4076 physicians,
457 4020 478 4052 u
492 4019 528 4065 ro,
548 4003 628 4056 when
652 4019 717 4056 nien
741 4002 812 4056 have
831 4020 849 4056 u
872 4020 923 4073 arg
936 4009 958 4055 rt
977 4004 1094 4065 tiseasa
1115 4018 1183 4057 curo

69 4092 150 4146 them
165 4090 203 4162 by
218 4091 303 4160 slight
318 4106 430 4153 menns;
453 4089 505 4144 but
518 4089 547 4141 in
562 4106 641 4142 moro
657 4105 743 4159 grave
757 4088 889 4152 diseases,
907 4106 955 4143 are
974 4088 1131 4160 compelled
1153 4094 1183 4143 to

69 4177 156 4248 apply
168 4175 327 4246 dangerous
342 4175 398 4228 und
414 4175 546 4229 doubtful
561 4175 708 4229 remedies.
755 4174 889 4238 whence,
903 4174 940 4228 he
959 4191 1031 4244 says,
1051 4174 1100 4228 the
1119 4174 1184 4229 niso

69 4275 138 4318 rnen
158 4269 234 4316 must
250 4261 340 4315 watelr
360 4260 409 4316 tho
432 4263 570 4326 occasion,
593 4262 648 4314 and
669 4261 718 4315 the
738 4277 817 4314 moro
841 4277 881 4323 so,
904 4260 928 4313 if
945 4277 1000 4330 you
1020 4261 1085 4330 guin
1104 4277 1184 4316 more

69 4349 144 4423 good
159 4349 197 4420 by
212 4349 261 4403 tho
273 4348 351 4420 plain
364 4365 424 4420 way
435 4348 505 4402 than
520 4366 578 4420 you
592 4365 645 4402 can
660 4347 742 4401 avoid
758 4347 812 4402 evil
826 4346 863 4418 by
876 4345 925 4400 tbc
940 4345 1073 4400 doubtful
1086 4364 1156 4420 way.

124 4443 141 4490 5
171 4436 210 4491 So
223 4436 322 4492 Cicero
334 4434 365 4490 in
379 4452 416 4490 an
431 4435 540 4507 Epistlo
555 4441 585 4492 to
600 4434 720 4498 Atticus,
733 4433 789 4488 Dio
801 4433 982 4498 Prusaeensis,
995 4431 1141 4490 Aristides.
