2828 4920
222 183 267 252 36
631 194 686 253 DE
708 191 925 250 PROMISSIS.
1208 189 1283 262 [Iam
1298 191 1342 251 11.

224 373 337 454 potest,
355 373 466 433 eontra
480 372 625 431 naturum
643 385 730 429 sunm
747 363 901 430 iacturum
919 361 976 427 nisi
989 361 1142 449 promisso
1154 366 1339 451 prmstsret.

224 467 307 534 Neh.
334 467 376 533 ix.
402 469 444 541 83
475 465 558 530 Heb.
585 465 624 530 ri.
652 468 704 542 18,
728 474 762 530 et
787 486 818 529 x.
847 466 911 540 23;
937 466 955 528 l
982 464 1056 529 Cor.
1074 463 1094 528 i.
1114 467 1146 538 9,
1173 464 1288 538 x.13;
1316 463 1339 528 1

224 567 334 634 Thess.
352 588 383 632 r.
403 567 465 642 243
485 567 505 630 2
523 565 631 630 Thess.
649 565 691 631 iii.
708 568 729 630 3
744 588 752 642 ;
771 567 792 629 2
810 564 890 630 Tim.
909 564 940 629 ii.
961 565 1013 629 13.
1068 563 1164 630 Unde
1180 561 1338 650 sequitur,

224 676 262 734 ut
278 663 431 754 promisse
450 673 642 753 prmstentur
659 665 766 731 venire
789 687 828 730 ex
847 674 961 730 nature
977 663 1180 730 immutabilis
1191 661 1338 750 justitiis,

224 788 296 855 qum
314 767 384 833 Deo
402 774 436 832 et
457 765 599 831 omnibus
621 764 670 831 his
695 765 749 851 qui
772 765 893 831 ratione
910 772 1052 839 utuntur,
1070 784 1126 829 suo
1142 763 1234 830 modo
1252 785 1340 829 eom·
1362 828 1366 834 .

113 907 120 920 ·
176 906 183 920 ·
225 865 327 933 munis
353 875 410 932 est.
458 864 587 932 Accedit
609 864 759 951 judicium
787 862 983 931 Salomonis:
1018 865 1093 928 Fili
1115 866 1172 941 mi,
1192 865 1224 930 si
1252 865 1339 951 quid

224 968 429 1054 spopondisti
456 967 565 1039 alteri,
590 968 734 1054 definisti
755 978 884 1031 esterno
910 964 1002 1030 nolas
1023 974 1108 1039 tuas,
1131 966 1338 1051 illaqueatus

225 1089 259 1134 cs
278 1067 385 1132 uerbis
409 1067 478 1131 oris
499 1067 549 1129 tui
560 1088 571 1129 .·
597 1080 714 1152 ceptus
734 1087 767 1132 es
793 1064 1072 1131 enuntiationibus
1093 1065 1162 1129 oris
1186 1067 1247 1132 tui.
1289 1065 1338 1132 Er

224 1164 298 1231 hinc
325 1163 473 1229 Hebraeis
496 1163 657 1250 promissio
686 1174 817 1231 vocatur
843 1177 945 1236 mort
974 1164 1152 1239 sitientum,
1177 1172 1210 1230 et
1236 1167 1336 1232 croto

225 1271 433 1352 comparetur,
450 1265 480 1329 N
483 1286 544 1328 um.
562 1285 637 1329 xxx.
655 1267 686 1340 4,
706 1267 737 1339 5,
755 1266 785 1330 6.
839 1263 955 1329 Similis
971 1262 1059 1352 origo
1077 1262 1162 1328 rocis
1188 1259 1337 1359 ὑποσχέ·

224 1390 308 1434 σεωο
333 1373 442 1429 notata
474 1364 641 1430 Eustochio
666 1364 708 1428 nd
735 1363 904 1429 secundum
933 1363 1070 1429 lhados:
1098 1357 1230 1433 ‹ihioxss
1257 1362 1335 1457 γάρ

225 1493 295 1538 πως
320 1462 374 1532 noi
396 1459 534 1558 κατέχει
562 1459 615 1531 'reir
652 1459 887 1554 ὑποσχόμενον
911 1459 930 1530 ὁ
952 1460 1016 1546 τὴν
1043 1459 1266 1554 ἐπαγγελίαν
1284 1457 1303 1534 d
1320 1507 1336 1520 ·

225 1561 375 1655 ξάμενος.
427 1556 551 1650 “capis
580 1584 622 1627 oo
650 1565 754 1627 vineit
783 1565 1019 1645 quodammodo
1036 1568 1270 1649 promissorem
1292 1568 1333 1643 is,

225 1666 281 1730 eui
296 1667 340 1748 fit
357 1659 544 1750 promissio.
597 1662 698 1739 Quem
723 1681 846 1727 sensum
872 1684 934 1727 non
961 1663 1041 1729 malo
1067 1665 1202 1731 seeundo
1223 1668 1334 1732 Meta·

223 1766 433 1851 morphoseon
449 1759 603 1848 expressit
621 1759 762 1837 Ovidius,
776 1759 829 1826 ubi
848 1761 1016 1848 promissor
1034 1762 1063 1829 ei
1080 1763 1129 1829 oui
1145 1765 1334 1852 promiserat
1400 1806 1403 1814 ·

222 1862 291 1931 sits
325 1865 393 1929 Vom
408 1885 480 1927 men
487 1863 591 1946 facto
609 1872 667 1926 tua
684 1873 740 1926 est.

300 1964 321 2027 2
356 1959 416 2029 His
432 1960 564 2049 cognitis
587 1982 649 2026 non
669 1959 834 2027 difficulter
853 1963 1111 2050 respondebimus
1128 1967 1170 2032 ad
1187 1965 1330 2034 Conncni

221 2070 419 2153 argumenta.
470 2061 554 2126 Nem
572 2059 866 2147 jurisconsultorum
889 2063 974 2129 dictu
997 2064 1038 2130 de
1054 2064 1154 2152 pactis
1170 2066 1264 2132 nudis
1280 2088 1332 2132 re-

170 2247 175 2255 ·
222 2161 358 2249 spiciunt
384 2160 443 2237 eid,
472 2160 556 2248 quod
581 2160 732 2225 Romanis
758 2160 882 2249 legibus
907 2173 978 2229 erat
1005 2163 1229 2243 introductum,
1258 2187 1332 2254 quus

222 2261 386 2328 deliberati
409 2259 504 2327 animi
529 2259 652 2349 signum
682 2268 803 2325 certum
833 2263 1063 2329 constituerunt
1088 2265 1320 2354 stipulationem

221 2361 335 2450 Neque
355 2382 507 2450 negamus
526 2360 641 2426 similes
663 2382 731 2426 esse
753 2360 786 2425 in
807 2359 877 2427 sliis
895 2362 1019 2450 populis
1033 2361 1129 2453 leges.
1181 2370 1261 2444 Qun
1281 2367 1333 2435 les

265 2554 277 2582 θ
295 2545 353 2594 Veto
375 2545 539 2608 eomparatur]
572 2546 649 2608 Quasi
664 2545 749 2607 poce‘s·
799 2545 874 2594 See.
889 2562 951 2595 sors.
963 2549 1013 2607 22.)

221 2627 305 2671 mur
314 2636 366 2671 eum
375 2623 435 2670 Diis
444 2623 548 2669 homines
557 2624 674 2669 oblatione
683 2628 748 2668 roto·
845 2630 857 2656 ⁸
869 2622 909 2677 Id,
925 2623 989 2683 quod
998 2624 1116 2672 Romanis
1131 2625 1221 2688 lepibus
1232 2632 1286 2676 crat
1296 2628 1335 2675 in·

220 2712 281 2746 m.
307 2697 502 2745 Schelllorstil.
542 2697 636 2758 (lusu.
651 2696 747 2744 vitm.
804 2694 947 2756 nmuerum]
966 2695 1044 2743 Caute
1053 2698 1144 2745 Paulus
1154 2700 1336 2760 Sententiarum,

220 2788 245 2824 y,
255 2773 309 2836 w.)
800 2769 854 2817 Lib.
866 2783 896 2818 n.
915 2771 965 2816 Tit.
978 2773 1014 2816 14.
1046 2772 1076 2819 Si
1088 2781 1186 2834 mum
1202 2777 1289 2822 nudum
1305 2778 1336 2824 de

264 2850 277 2885 ⁴
294 2849 368 2910 Capit
377 2863 407 2897 oc
416 2846 501 2909 vineit]
518 2848 683 2895 Indssinouls
693 2847 749 2894 fidel
796 2845 941 2906 pudendis
955 2847 1035 2892 usuris
1045 2848 1207 2909 interpositum
1221 2857 1264 2913 est,
1279 2853 1334 2900 nui·

220 2928 294 2976 diets.
318 2925 631 2973 Donstusodllunueiium.
654 2926 748 2984 (Acts.
801 2923 848 2969 lius
867 2928 902 2969 est
919 2924 1042 2971 momenti.-
1060 2939 1089 2971 ιο
1107 2928 1170 2974 nudo
1185 2930 1247 2976 enim
1259 2937 1334 2990 paeto

220 3178 368 3237 instituted
383 3179 444 3246 lew,
462 3179 555 3235 would
569 3184 616 3234 eet
631 3183 762 3249 contrary
776 3183 807 3233 to
819 3176 862 3232 his
877 3183 988 3243 nature,
1003 3185 1103 3251 except
1118 3178 1155 3235 he
1167 3179 1333 3252 performed

219 3266 263 3323 his
272 3267 418 3341 promises.
436 3262 503 3338 [See
513 3266 561 3322 the
568 3261 721 3338 passages]
743 3264 869 3319 Whenee
884 3265 1112 3330 informositas
1127 3265 1176 3322 the
1189 3267 1331 3339 perform·

219 3370 291 3411 enee
314 3355 348 3409 of
367 3354 504 3427 promises
527 3352 662 3425 proceeds
684 3351 759 3405 from
782 3351 832 3405 the
855 3358 957 3406 nature
981 3353 1015 3406 of
1032 3353 1200 3409 immutnblo
1218 3355 1332 3425 justice,

219 3439 310 3496 srhieh
325 3441 357 3506 is,
375 3441 405 3494 in
419 3457 437 3495 s
452 3441 560 3496 eertuiu
579 3455 648 3510 wey,
670 3453 801 3491 common
815 3442 846 3491 to
859 3437 924 3492 God
938 3438 996 3492 und
1010 3446 1041 3494 to
1056 3440 1096 3494 ull
1116 3440 1238 3495 rational
1251 3459 1331 3498 eres·

219 3531 305 3583 tures.
351 3527 390 3581 So
409 3528 493 3581 Pror.
514 3526 550 3579 ri.
575 3529 600 3578 1.
646 3524 672 3577 A
694 3525 818 3595 promise
841 3523 865 3578 is
886 3525 994 3595 spoken
1019 3526 1053 3580 of
1072 3543 1104 3581 es
1128 3527 1329 3585 indissoluble:

218 3613 276 3668 end
290 3628 387 3667 oron.
423 3611 530 3666 Numh.
545 3627 607 3666 xxx.
624 3617 650 3674 4,
663 3618 689 3674 5,
701 3614 726 3664 6.
766 3611 806 3665 So
820 3609 870 3664 the
885 3609 962 3665 nord
976 3608 1125 3682 ὖπόσχεσιο
1140 3614 1163 3668 is
1179 3614 1332 3686 explained

218 3699 258 3774 by
271 3697 446 3755 Euststhius.
494 3698 532 3753 So
549 3696 630 3752 Orid.
680 3691 771 3767 [See]

276 3793 294 3842 2
324 3785 392 3843 This
411 3786 496 3858 being
512 3784 694 3846 understood,
709 3800 750 3839 ue
768 3782 840 3837 shall
855 3782 927 3838 hnro
945 3799 983 3839 no
999 3783 1136 3856 difficulty
1156 3784 1186 3838 in
1200 3785 1332 3859 replying

217 3879 249 3930 to
268 3873 441 3930 Oounnnus's
455 3878 626 3943 arguments.
673 3871 730 3924 For
745 3869 794 3925 tho
809 3871 882 3924 diem
904 3871 937 3924 of
953 3871 1052 3941 jurists
1074 3872 1235 3943 respecting
1254 3875 1332 3930 nudo

217 3967 298 4033 pects
309 3959 410 4030 regsrd
423 3959 472 4014 the
486 3959 548 4014 rulo
560 3957 650 4012 which
661 3974 717 4012 nus
732 3957 900 4012 introduced
912 3957 950 4029 by
963 3957 1011 4014 tho
1024 3960 1137 4014 Romen
1149 3959 1225 4024 lans,
1238 3959 1332 4016 which

216 4045 301 4102 msde
313 4046 473 4118 ονίρινὶανὶοη
488 4045 537 4101 the
557 4046 664 4100 certain
684 4044 795 4116 signet
811 4060 829 4098 s
848 4043 1005 4099 deliberate
1027 4061 1160 4118 purpose.
1207 4046 1270 4101 Nor
1292 4048 1330 4103 do

216 4147 260 4190 sse
290 4133 366 4207 deny
389 4133 452 4190 thst
471 4133 578 4189 similer
604 4132 670 4187 lans
696 4131 804 4187 existed
824 4131 855 4185 in
878 4131 962 4185 other
987 4134 1109 4188 mutiens.
1160 4132 1244 4188 What
1275 4133 1331 4190 low

216 4221 312 4294 oblipes
326 4240 359 4276 ns
373 4231 399 4277 to
420 4223 543 4297 perform
557 4221 630 4275 wint
642 4237 680 4274 we
695 4221 759 4273 leave
769 4219 908 4290 promised
922 4229 948 4273 to
963 4236 1020 4290 oisy
1032 4221 1101 4274 one?
1123 4236 1186 4290 seps
1210 4220 1330 4288 Seneca,

215 4307 352 4381 speukIng
367 4309 401 4364 of
412 4308 518 4365 human
535 4310 587 4366 len
605 4301 837 4380 [Naturolhnw]‚
852 4305 909 4362 und
924 4323 942 4360 ο
956 4307 1080 4378 promise
1094 4313 1145 4362 not
1161 4306 1245 4364 made
1260 4309 1330 4366 with

216 4393 318 4451 formul
332 4395 492 4470 solemnitp.
