<?xml version="1.0" encoding="UTF-8"?>
<!DOCTYPE html PUBLIC "-//W3C//DTD XHTML 1.0 Transitional//EN"
    "http://www.w3.org/TR/xhtml1/DTD/xhtml1-transitional.dtd">
<html xmlns="http://www.w3.org/1999/xhtml" xml:lang="en" lang="en">
 <head>
  <title>
</title>
<meta http-equiv="Content-Type" content="text/html;charset=utf-8" />
  <meta name='ocr-system' content='tesseract 3.04.00' />
  <meta name='ocr-capabilities' content='ocr_page ocr_carea ocr_par ocr_line ocrx_word'/>
</head>
<body>
  <div class='ocr_page' id='page_1' title='image "./hugonisgrotiide01barbgoog_0347.png"; bbox 0 0 2828 4920; ppageno 0'>
   <div class='ocr_carea' id='block_1_1' title="bbox 72 241 244 310">
    <p class='ocr_par' dir='ltr' id='par_1_1' title="bbox 72 241 244 310">
     <span class='ocr_line' id='line_1_1' title="bbox 72 241 244 310; baseline 0 -12"><span class='ocrx_word' id='word_1_1' title='bbox 72 241 144 301; x_wconf 76' lang='lat' dir='ltr'><strong>Cnr.</strong></span> <span class='ocrx_word' id='word_1_2' title='bbox 159 241 244 310; x_wconf 63' lang='lat' dir='ltr'><strong>XX]</strong></span> 
     </span>
    </p>
   </div>
   <div class='ocr_carea' id='block_1_2' title="bbox 523 243 1189 309">
    <p class='ocr_par' dir='ltr' id='par_1_2' title="bbox 523 243 1189 309">
     <span class='ocr_line' id='line_1_2' title="bbox 523 243 1189 309; baseline 0.011 -8"><span class='ocrx_word' id='word_1_3' title='bbox 523 245 576 301; x_wconf 81' lang='lat' dir='ltr'><strong>DE</strong></span> <span class='ocrx_word' id='word_1_4' title='bbox 599 246 736 303; x_wconf 82' lang='lat' dir='ltr'><strong>POENIS.</strong></span> <span class='ocrx_word' id='word_1_5' title='bbox 1124 243 1189 309; x_wconf 84' lang='grc'><strong>337</strong></span> 
     </span>
    </p>
   </div>
   <div class='ocr_carea' id='block_1_3' title="bbox 10 405 1349 1406">
    <p class='ocr_par' dir='ltr' id='par_1_3' title="bbox 10 405 1349 802">
     <span class='ocr_line' id='line_1_3' title="bbox 10 405 1344 497; baseline 0.006 -23"><span class='ocrx_word' id='word_1_6' title='bbox 10 428 32 474; x_wconf 88' lang='grc' dir='ltr'>ι</span> <span class='ocrx_word' id='word_1_7' title='bbox 72 405 158 474; x_wconf 89' lang='lat' dir='ltr'><strong>inter</strong></span> <span class='ocrx_word' id='word_1_8' title='bbox 184 414 305 474; x_wconf 88' lang='lat' dir='ltr'><strong>ceteras</strong></span> <span class='ocrx_word' id='word_1_9' title='bbox 330 407 426 474; x_wconf 84' lang='lat' dir='ltr'><strong>allata</strong></span> <span class='ocrx_word' id='word_1_10' title='bbox 448 407 521 475; x_wconf 83' lang='lat' dir='ltr'><strong>belli</strong></span> <span class='ocrx_word' id='word_1_11' title='bbox 547 409 800 497; x_wconf 82' lang='lat' dir='ltr'>Peloponnesiaci</span> <span class='ocrx_word' id='word_1_12' title='bbox 826 408 908 478; x_wconf 86' lang='lat' dir='ltr'><strong>inter</strong></span> <span class='ocrx_word' id='word_1_13' title='bbox 930 409 1137 478; x_wconf 76' lang='lat' dir='ltr'><strong>Athenienses</strong></span> <span class='ocrx_word' id='word_1_14' title='bbox 1152 419 1186 479; x_wconf 88' lang='lat' dir='ltr'><strong>et</strong></span> <span class='ocrx_word' id='word_1_15' title='bbox 1199 432 1344 482; x_wconf 63' lang='lat' dir='ltr'><strong>mosim</strong></span> 
     </span>
     <span class='ocr_line' id='line_1_4' title="bbox 10 485 1349 598; baseline 0.003 -21.048"><span class='ocrx_word' id='word_1_16' title='bbox 10 534 32 577; x_wconf 80' lang='lat' dir='ltr'><strong>:t</strong></span> <span class='ocrx_word' id='word_1_17' title='bbox 72 507 337 586; x_wconf 66' lang='lat' dir='ltr'><strong>Lacedaemonios,</strong></span> <span class='ocrx_word' id='word_1_18' title='bbox 366 517 448 575; x_wconf 86' lang='lat' dir='ltr'><strong>eta</strong></span> <span class='ocrx_word' id='word_1_19' title='bbox 478 508 627 598; x_wconf 92' lang='lat' dir='ltr'><strong>Philippo</strong></span> <span class='ocrx_word' id='word_1_20' title='bbox 657 511 869 578; x_wconf 75' lang='lat' dir='ltr'><strong>Macedone</strong></span> <span class='ocrx_word' id='word_1_21' title='bbox 861 536 893 578; x_wconf 91' lang='lat' dir='ltr'><strong>m</strong></span> <span class='ocrx_word' id='word_1_22' title='bbox 924 513 1118 580; x_wconf 87' lang='lat' dir='ltr'><strong>Phocenses.</strong></span> <span class='ocrx_word' id='word_1_23' title='bbox 1144 485 1219 579; x_wconf 73' lang='lat' dir='ltr'><strong>deet</strong></span> <span class='ocrx_word' id='word_1_24' title='bbox 1196 490 1349 617; x_wconf 52' lang='lat' dir='ltr'><strong>officinm</strong></span> 
     </span>
     <span class='ocr_line' id='line_1_5' title="bbox 10 608 1324 702; baseline 0.003 -24"><span class='ocrx_word' id='word_1_25' title='bbox 10 612 32 678; x_wconf 73' lang='lat' dir='ltr'><strong>i</strong></span> <span class='ocrx_word' id='word_1_26' title='bbox 72 628 206 694; x_wconf 85' lang='lat' dir='ltr'><strong>quorum</strong></span> <span class='ocrx_word' id='word_1_27' title='bbox 233 608 445 699; x_wconf 85' lang='lat' dir='ltr'><strong>sacrilegio</strong></span> <span class='ocrx_word' id='word_1_28' title='bbox 420 633 465 676; x_wconf 77' lang='lat' dir='ltr'><strong>sic</strong></span> <span class='ocrx_word' id='word_1_29' title='bbox 490 612 654 677; x_wconf 88' lang='lat' dir='ltr'><strong>Justinus:</strong></span> <span class='ocrx_word' id='word_1_30' title='bbox 681 615 768 699; x_wconf 81' lang='lat' dir='ltr'><strong>qssod</strong></span> <span class='ocrx_word' id='word_1_31' title='bbox 793 615 892 680; x_wconf 82' lang='lat' dir='ltr'><strong>Orbis</strong></span> <span class='ocrx_word' id='word_1_32' title='bbox 908 616 1036 680; x_wconf 82' lang='lat' dir='ltr'><strong>viribus</strong></span> <span class='ocrx_word' id='word_1_33' title='bbox 1052 583 1324 702; x_wconf 69' lang='lat' dir='ltr'><strong>expiariuiws</strong></span> 
     </span>
     <span class='ocr_line' id='line_1_6' title="bbox 10 709 1290 802; baseline 0.009 -29"><span class='ocrx_word' id='word_1_34' title='bbox 10 714 31 781; x_wconf 80' lang='lat' dir='ltr'><strong>&#39;i</strong></span> <span class='ocrx_word' id='word_1_35' title='bbox 71 709 194 774; x_wconf 80' lang='lat' dir='ltr'><strong>debuit</strong></span> <span class='ocrx_word' id='word_1_36' title='bbox 248 709 466 799; x_wconf 76' lang='lat' dir='ltr'><strong>Hieronymus</strong></span> <span class='ocrx_word' id='word_1_37' title='bbox 492 711 534 778; x_wconf 87' lang='lat' dir='ltr'><strong>ad</strong></span> <span class='ocrx_word' id='word_1_38' title='bbox 560 711 701 777; x_wconf 84' lang='lat' dir='ltr'><strong>Danielis</strong></span> <span class='ocrx_word' id='word_1_39' title='bbox 727 736 759 779; x_wconf 78' lang='lat' dir='ltr'><strong>v.</strong></span> <span class='ocrx_word' id='word_1_40' title='bbox 816 717 985 795; x_wconf 81' lang='lat' dir='ltr'><strong>Quamdiu</strong></span> <span class='ocrx_word' id='word_1_41' title='bbox 1011 737 1095 781; x_wconf 82' lang='lat' dir='ltr'><strong>oasa</strong></span> <span class='ocrx_word' id='word_1_42' title='bbox 1105 717 1290 802; x_wconf 64' lang='lat' dir='ltr'><strong>fue-own</strong></span> 
     </span>
    </p>

    <p class='ocr_par' dir='ltr' id='par_1_4' title="bbox 24 811 1184 898">
     <span class='ocr_line' id='line_1_7' title="bbox 24 811 1184 898; baseline 0.009 -25"><span class='ocrx_word' id='word_1_43' title='bbox 24 818 31 881; x_wconf 78' lang='lat' dir='ltr'><strong>i</strong></span> <span class='ocrx_word' id='word_1_44' title='bbox 70 821 152 875; x_wconf 83' lang='lat' dir='ltr'><strong>runt</strong></span> <span class='ocrx_word' id='word_1_45' title='bbox 183 811 221 875; x_wconf 88' lang='lat' dir='ltr'><strong>in</strong></span> <span class='ocrx_word' id='word_1_46' title='bbox 247 812 351 877; x_wconf 83' lang='lat' dir='ltr'><strong>idolio</strong></span> <span class='ocrx_word' id='word_1_47' title='bbox 379 813 572 898; x_wconf 79' lang='lat' dir='ltr'><strong>Babylonis,</strong></span> <span class='ocrx_word' id='word_1_48' title='bbox 599 835 664 878; x_wconf 85' lang='lat' dir='ltr'><strong>non</strong></span> <span class='ocrx_word' id='word_1_49' title='bbox 687 825 734 879; x_wconf 86' lang='lat' dir='ltr'><strong>est</strong></span> <span class='ocrx_word' id='word_1_50' title='bbox 761 816 872 881; x_wconf 82' lang='lat' dir='ltr'><strong>iratus</strong></span> <span class='ocrx_word' id='word_1_51' title='bbox 897 815 1060 881; x_wconf 83' lang='lat' dir='ltr'><strong>Dominus</strong></span> <span class='ocrx_word' id='word_1_52' title='bbox 1083 816 1184 898; x_wconf 82' lang='lat' dir='ltr'><strong>(oide-</strong></span> 
     </span>
    </p>

    <p class='ocr_par' dir='ltr' id='par_1_5' title="bbox 10 909 1182 1005">
     <span class='ocr_line' id='line_1_8' title="bbox 10 909 1182 1005; baseline 0.002 -24"><span class='ocrx_word' id='word_1_53' title='bbox 10 916 30 1004; x_wconf 66' lang='lat' dir='ltr'><strong>ii</strong></span> <span class='ocrx_word' id='word_1_54' title='bbox 71 909 198 976; x_wconf 80' lang='lat' dir='ltr'><strong>bantur</strong></span> <span class='ocrx_word' id='word_1_55' title='bbox 229 913 314 978; x_wconf 85' lang='lat' dir='ltr'><strong>enim</strong></span> <span class='ocrx_word' id='word_1_56' title='bbox 339 935 408 978; x_wconf 89' lang='lat' dir='ltr'><strong>rem</strong></span> <span class='ocrx_word' id='word_1_57' title='bbox 433 915 502 978; x_wconf 85' lang='lat' dir='ltr'><strong>Dei</strong></span> <span class='ocrx_word' id='word_1_58' title='bbox 526 915 700 979; x_wconf 83' lang='lat' dir='ltr'><strong>secondum</strong></span> <span class='ocrx_word' id='word_1_59' title='bbox 730 936 878 1000; x_wconf 83' lang='lat' dir='ltr'><strong>pravam</strong></span> <span class='ocrx_word' id='word_1_60' title='bbox 903 916 1033 1001; x_wconf 82' lang='lat' dir='ltr'><strong>quidem</strong></span> <span class='ocrx_word' id='word_1_61' title='bbox 1058 917 1182 1005; x_wconf 81' lang='lat' dir='ltr'><strong>opinio-</strong></span> 
     </span>
    </p>

    <p class='ocr_par' dir='ltr' id='par_1_6' title="bbox 10 1015 1183 1102">
     <span class='ocr_line' id='line_1_9' title="bbox 10 1015 1183 1102; baseline 0.006 -26"><span class='ocrx_word' id='word_1_62' title='bbox 10 1038 28 1083; x_wconf 85' lang='grc' dir='ltr'>ι</span> <span class='ocrx_word' id='word_1_63' title='bbox 70 1033 154 1087; x_wconf 86' lang='lat' dir='ltr'><strong>nem,</strong></span> <span class='ocrx_word' id='word_1_64' title='bbox 190 1023 299 1078; x_wconf 87' lang='lat' dir='ltr'><strong>tamen</strong></span> <span class='ocrx_word' id='word_1_65' title='bbox 333 1015 446 1080; x_wconf 83' lang='lat' dir='ltr'><strong>divino</strong></span> <span class='ocrx_word' id='word_1_66' title='bbox 480 1015 586 1081; x_wconf 83' lang='lat' dir='ltr'><strong>cultui</strong></span> <span class='ocrx_word' id='word_1_67' title='bbox 619 1017 832 1100; x_wconf 84' lang='lat' dir='ltr'><strong>consecrasse)</strong></span> <span class='ocrx_word' id='word_1_68' title='bbox 858 1028 1039 1102; x_wconf 74' lang='lat' dir='ltr'><strong>postquam</strong></span> <span class='ocrx_word' id='word_1_69' title='bbox 1073 1028 1183 1083; x_wconf 85' lang='lat' dir='ltr'><strong>autem</strong></span> 
     </span>
    </p>

    <p class='ocr_par' dir='ltr' id='par_1_7' title="bbox 10 1112 1182 1202">
     <span class='ocr_line' id='line_1_10' title="bbox 10 1112 1182 1202; baseline 0.007 -27"><span class='ocrx_word' id='word_1_70' title='bbox 10 1120 28 1184; x_wconf 77' lang='grc' dir='ltr'><strong>ι’</strong></span> <span class='ocrx_word' id='word_1_71' title='bbox 68 1112 226 1180; x_wconf 81' lang='lat' dir='ltr'><strong>humanis</strong></span> <span class='ocrx_word' id='word_1_72' title='bbox 251 1115 368 1179; x_wconf 81' lang='lat' dir='ltr'><strong>usibus</strong></span> <span class='ocrx_word' id='word_1_73' title='bbox 400 1116 520 1180; x_wconf 83' lang='lat' dir='ltr'><strong>divina</strong></span> <span class='ocrx_word' id='word_1_74' title='bbox 554 1117 789 1191; x_wconf 83' lang='lat' dir='ltr'><strong>contaminant,</strong></span> <span class='ocrx_word' id='word_1_75' title='bbox 817 1117 932 1182; x_wconf 85' lang='lat' dir='ltr'><strong>statim</strong></span> <span class='ocrx_word' id='word_1_76' title='bbox 948 1138 1052 1202; x_wconf 82' lang='lat' dir='ltr'><strong>poena</strong></span> <span class='ocrx_word' id='word_1_77' title='bbox 1076 1118 1182 1202; x_wconf 83' lang='lat' dir='ltr'><strong>sequi·</strong></span> 
     </span>
    </p>

    <p class='ocr_par' dir='ltr' id='par_1_8' title="bbox 10 1213 1182 1305">
     <span class='ocr_line' id='line_1_11' title="bbox 10 1213 1182 1305; baseline -0.001 -22"><span class='ocrx_word' id='word_1_78' title='bbox 10 1232 27 1295; x_wconf 65' lang='grc' dir='ltr'><strong>ιι</strong></span> <span class='ocrx_word' id='word_1_79' title='bbox 70 1223 129 1278; x_wconf 82' lang='lat' dir='ltr'><strong>tur</strong></span> <span class='ocrx_word' id='word_1_80' title='bbox 155 1224 234 1298; x_wconf 84' lang='lat' dir='ltr'><strong>post</strong></span> <span class='ocrx_word' id='word_1_81' title='bbox 267 1216 489 1300; x_wconf 65' lang='lat' dir='ltr'><strong>sacrilegium.</strong></span> <span class='ocrx_word' id='word_1_82' title='bbox 540 1213 697 1279; x_wconf 86' lang='lat' dir='ltr'><strong>Nimirum</strong></span> <span class='ocrx_word' id='word_1_83' title='bbox 732 1225 765 1282; x_wconf 89' lang='lat' dir='ltr'><strong>et</strong></span> <span class='ocrx_word' id='word_1_84' title='bbox 799 1215 993 1305; x_wconf 82' lang='lat' dir='ltr'><strong>Augustinus</strong></span> <span class='ocrx_word' id='word_1_85' title='bbox 1025 1215 1182 1283; x_wconf 84' lang='lat' dir='ltr'><strong>existimat</strong></span> 
     </span>
    </p>

    <p class='ocr_par' dir='ltr' id='par_1_9' title="bbox 10 1311 1181 1406">
     <span class='ocr_line' id='line_1_12' title="bbox 10 1311 1181 1406; baseline 0.005 -28"><span class='ocrx_word' id='word_1_86' title='bbox 10 1342 21 1406; x_wconf 69' lang='lat' dir='ltr'><strong>p</strong></span> <span class='ocrx_word' id='word_1_87' title='bbox 66 1311 216 1378; x_wconf 73' lang='lat' dir='ltr'><strong>⁸auctum</strong></span> <span class='ocrx_word' id='word_1_88' title='bbox 231 1334 253 1379; x_wconf 86' lang='lat' dir='ltr'><strong>s</strong></span> <span class='ocrx_word' id='word_1_89' title='bbox 269 1315 339 1380; x_wconf 92' lang='lat' dir='ltr'><strong>Deo</strong></span> <span class='ocrx_word' id='word_1_90' title='bbox 365 1313 531 1403; x_wconf 86' lang='lat' dir='ltr'><strong>imperium</strong></span> <span class='ocrx_word' id='word_1_91' title='bbox 548 1315 771 1395; x_wconf 85' lang='lat' dir='ltr'><strong>Romanorum,</strong></span> <span class='ocrx_word' id='word_1_92' title='bbox 790 1316 874 1404; x_wconf 90' lang='lat' dir='ltr'><strong>quod</strong></span> <span class='ocrx_word' id='word_1_93' title='bbox 891 1315 977 1383; x_wconf 85' lang='lat' dir='ltr'><strong>cordi</strong></span> <span class='ocrx_word' id='word_1_94' title='bbox 994 1315 1055 1382; x_wconf 92' lang='lat' dir='ltr'><strong>illis</strong></span> <span class='ocrx_word' id='word_1_95' title='bbox 1070 1315 1181 1384; x_wconf 77' lang='lat' dir='ltr'><strong>fuisset</strong></span> 
     </span>
    </p>
   </div>
   <div class='ocr_carea' id='block_1_4' title="bbox 10 1443 1181 1723">
    <p class='ocr_par' dir='ltr' id='par_1_10' title="bbox 10 1443 1181 1723">
     <span class='ocr_line' id='line_1_13' title="bbox 10 1443 1180 1574; baseline 0.003 -19"><span class='ocrx_word' id='word_1_96' title='bbox 10 1443 16 1487; x_wconf 66' lang='grc' dir='ltr'>Ι</span> <span class='ocrx_word' id='word_1_97' title='bbox 64 1507 213 1556; x_wconf 66' lang='lat' dir='ltr'><strong>mediae:</strong></span> <span class='ocrx_word' id='word_1_98' title='bbox 229 1509 338 1570; x_wconf 78' lang='lat' dir='ltr'><strong>alioquin</strong></span> <span class='ocrx_word' id='word_1_99' title='bbox 352 1510 404 1570; x_wconf 87' lang='lat' dir='ltr'><strong>ipse</strong></span> <span class='ocrx_word' id='word_1_100' title='bbox 417 1509 464 1556; x_wconf 80' lang='lat' dir='ltr'><strong>ribi</strong></span> <span class='ocrx_word' id='word_1_101' title='bbox 478 1509 534 1557; x_wconf 81' lang='lat' dir='ltr'><strong>odio</strong></span> <span class='ocrx_word' id='word_1_102' title='bbox 548 1510 602 1558; x_wconf 86' lang='lat' dir='ltr'><strong>erit.</strong></span> <span class='ocrx_word' id='word_1_103' title='bbox 696 1511 789 1558; x_wconf 81' lang='lat' dir='ltr'><strong>‘Dicit</strong></span> <span class='ocrx_word' id='word_1_104' title='bbox 798 1512 966 1572; x_wconf 81' lang='lat' dir='ltr'><strong>Philosophus,</strong></span> <span class='ocrx_word' id='word_1_105' title='bbox 975 1511 1126 1572; x_wconf 62' lang='lat' dir='ltr'><strong>iquormiu</strong></span> <span class='ocrx_word' id='word_1_106' title='bbox 1140 1510 1180 1574; x_wconf 78' lang='lat' dir='ltr'><strong>lg·</strong></span> 
     </span>
     <span class='ocr_line' id='line_1_14' title="bbox 64 1583 1181 1648; baseline 0.003 -17"><span class='ocrx_word' id='word_1_107' title='bbox 64 1583 106 1631; x_wconf 82' lang='grc' dir='ltr'><strong>Μ.</strong></span> <span class='ocrx_word' id='word_1_108' title='bbox 125 1585 270 1648; x_wconf 70' lang='grc' dir='ltr'><strong>ΙΑιιῐοιιίιιιιν</strong></span> <span class='ocrx_word' id='word_1_109' title='bbox 287 1585 351 1632; x_wconf 90' lang='lat' dir='ltr'><strong>libro</strong></span> <span class='ocrx_word' id='word_1_110' title='bbox 369 1599 408 1633; x_wconf 71' lang='grc' dir='ltr'><strong>ιι.</strong></span> <span class='ocrx_word' id='word_1_111' title='bbox 429 1585 511 1647; x_wconf 72' lang='lat'>(511.</span> <span class='ocrx_word' id='word_1_112' title='bbox 530 1585 601 1634; x_wconf 80' lang='lat' dir='ltr'><strong>Edit.</strong></span> <span class='ocrx_word' id='word_1_113' title='bbox 650 1586 762 1634; x_wconf 84' lang='lat' dir='ltr'><strong>norsntia</strong></span> <span class='ocrx_word' id='word_1_114' title='bbox 780 1593 862 1634; x_wconf 86' lang='lat' dir='ltr'><strong>sutem</strong></span> <span class='ocrx_word' id='word_1_115' title='bbox 886 1602 940 1634; x_wconf 91' lang='lat' dir='ltr'><strong>cum</strong></span> <span class='ocrx_word' id='word_1_116' title='bbox 966 1601 1048 1634; x_wconf 85' lang='lat' dir='ltr'><strong>errore</strong></span> <span class='ocrx_word' id='word_1_117' title='bbox 1067 1600 1181 1648; x_wconf 72' lang='lat' dir='ltr'><strong>magnam</strong></span> 
     </span>
     <span class='ocr_line' id='line_1_15' title="bbox 66 1658 1181 1723; baseline 0.001 -15"><span class='ocrx_word' id='word_1_118' title='bbox 66 1658 178 1721; x_wconf 75' lang='lat' dir='ltr'><strong>Gatak.)</strong></span> <span class='ocrx_word' id='word_1_119' title='bbox 197 1661 220 1706; x_wconf 81' lang='lat' dir='ltr'><strong>el</strong></span> <span class='ocrx_word' id='word_1_120' title='bbox 234 1661 280 1719; x_wconf 77' lang='grc' dir='ltr'><strong>μὲν</strong></span> <span class='ocrx_word' id='word_1_121' title='bbox 294 1661 408 1719; x_wconf 76' lang='grc' dir='ltr'><strong>δύνασαι,</strong></span> <span class='ocrx_word' id='word_1_122' title='bbox 422 1661 600 1719; x_wconf 74' lang='grc' dir='ltr'><strong>μιταόίδασκι.</strong></span> <span class='ocrx_word' id='word_1_123' title='bbox 650 1661 724 1708; x_wconf 82' lang='lat' dir='ltr'><strong>habet</strong></span> <span class='ocrx_word' id='word_1_124' title='bbox 741 1663 899 1719; x_wconf 75' lang='lat' dir='ltr'><strong>adfinitatem,</strong></span> <span class='ocrx_word' id='word_1_125' title='bbox 915 1668 942 1710; x_wconf 85' lang='lat' dir='ltr'><strong>et</strong></span> <span class='ocrx_word' id='word_1_126' title='bbox 956 1663 995 1709; x_wconf 85' lang='lat' dir='ltr'><strong>hic</strong></span> <span class='ocrx_word' id='word_1_127' title='bbox 1009 1663 1040 1709; x_wconf 76' lang='lat' dir='ltr'><strong>ab</strong></span> <span class='ocrx_word' id='word_1_128' title='bbox 1059 1663 1101 1708; x_wconf 78' lang='lat' dir='ltr'><strong>ills</strong></span> <span class='ocrx_word' id='word_1_129' title='bbox 1116 1675 1181 1723; x_wconf 66' lang='lat' dir='ltr'><strong>seps</strong></span> 
     </span>
    </p>
   </div>
   <div class='ocr_carea' id='block_1_5' title="bbox 60 1735 600 2555">
    <p class='ocr_par' dir='ltr' id='par_1_11' title="bbox 60 1735 600 2555">
     <span class='ocr_line' id='line_1_16' title="bbox 63 1735 600 1796; baseline 0.006 -15"><span class='ocrx_word' id='word_1_130' title='bbox 63 1735 92 1784; x_wconf 77' lang='grc' dir='ltr'><strong>εὶ</strong></span> <span class='ocrx_word' id='word_1_131' title='bbox 112 1735 139 1782; x_wconf 70' lang='lat' dir='ltr'><strong>dt</strong></span> <span class='ocrx_word' id='word_1_132' title='bbox 158 1735 201 1795; x_wconf 76' lang='lat' dir='ltr'><strong>pri,</strong></span> <span class='ocrx_word' id='word_1_133' title='bbox 218 1735 339 1796; x_wconf 76' lang='grc' dir='ltr'><strong><em>μέμνησο,</em></strong></span> <span class='ocrx_word' id='word_1_134' title='bbox 353 1735 395 1782; x_wconf 79' lang='grc' dir='ltr'><strong>ὅτι</strong></span> <span class='ocrx_word' id='word_1_135' title='bbox 411 1737 474 1796; x_wconf 66' lang='grc' dir='ltr'><strong>πρὸς</strong></span> <span class='ocrx_word' id='word_1_136' title='bbox 489 1738 569 1784; x_wconf 78' lang='grc' dir='ltr'><strong><em>τοῦτο</em></strong></span> <span class='ocrx_word' id='word_1_137' title='bbox 585 1736 600 1793; x_wconf 71' lang='lat' dir='ltr'><strong>’l</strong></span> 
     </span>
     <span class='ocr_line' id='line_1_17' title="bbox 64 1809 600 1869; baseline 0.002 -12"><span class='ocrx_word' id='word_1_138' title='bbox 64 1810 184 1869; x_wconf 77' lang='grc' dir='ltr'><strong><em>εὖμένειά</em></strong></span> <span class='ocrx_word' id='word_1_139' title='bbox 195 1828 237 1858; x_wconf 80' lang='grc' dir='ltr'><strong>σοι</strong></span> <span class='ocrx_word' id='word_1_140' title='bbox 246 1811 362 1859; x_wconf 76' lang='grc' dir='ltr'>δέδοται·</span> <span class='ocrx_word' id='word_1_141' title='bbox 377 1809 417 1857; x_wconf 77' lang='grc' dir='ltr'><strong>καὶ</strong></span> <span class='ocrx_word' id='word_1_142' title='bbox 428 1810 452 1857; x_wconf 91' lang='lat' dir='ltr'><strong>ol</strong></span> <span class='ocrx_word' id='word_1_143' title='bbox 463 1810 514 1858; x_wconf 67' lang='lat' dir='ltr'><strong>emt</strong></span> <span class='ocrx_word' id='word_1_144' title='bbox 524 1811 549 1858; x_wconf 78' lang='lat' dir='ltr'><strong>di</strong></span> <span class='ocrx_word' id='word_1_145' title='bbox 561 1813 600 1858; x_wconf 76' lang='lat' dir='ltr'><strong>si·</strong></span> 
     </span>
     <span class='ocr_line' id='line_1_18' title="bbox 62 1887 600 1948; baseline 0 -16"><span class='ocrx_word' id='word_1_146' title='bbox 62 1891 153 1948; x_wconf 68' lang='grc' dir='ltr'><strong><em>μενεῖς</em></strong></span> <span class='ocrx_word' id='word_1_147' title='bbox 167 1891 225 1935; x_wconf 70' lang='lat' dir='ltr'><strong>nois</strong></span> <span class='ocrx_word' id='word_1_148' title='bbox 244 1887 371 1935; x_wconf 71' lang='grc' dir='ltr'><strong><em>τοιούτοιν</em></strong></span> <span class='ocrx_word' id='word_1_149' title='bbox 388 1887 460 1934; x_wconf 78' lang='lat' dir='ltr'><strong>sles&#39;v.</strong></span> <span class='ocrx_word' id='word_1_150' title='bbox 485 1888 509 1934; x_wconf 82' lang='lat' dir='ltr'><strong>ss&#39;</strong></span> <span class='ocrx_word' id='word_1_151' title='bbox 526 1892 600 1947; x_wconf 74' lang='lat' dir='ltr'><strong>poros,</strong></span> 
     </span>
     <span class='ocr_line' id='line_1_19' title="bbox 62 1961 599 2024; baseline 0 -16"><span class='ocrx_word' id='word_1_152' title='bbox 62 1961 170 2008; x_wconf 74' lang='lat' dir='ltr'><strong>meliora</strong></span> <span class='ocrx_word' id='word_1_153' title='bbox 181 1962 256 2010; x_wconf 80' lang='lat' dir='ltr'><strong>doce:</strong></span> <span class='ocrx_word' id='word_1_154' title='bbox 272 1964 295 2010; x_wconf 88' lang='lat' dir='ltr'><strong>si</strong></span> <span class='ocrx_word' id='word_1_155' title='bbox 305 1978 351 2010; x_wconf 90' lang='lat' dir='ltr'><strong>non</strong></span> <span class='ocrx_word' id='word_1_156' title='bbox 363 1966 439 2024; x_wconf 83' lang='lat' dir='ltr'><strong>potes,</strong></span> <span class='ocrx_word' id='word_1_157' title='bbox 449 1967 558 2010; x_wconf 87' lang='lat' dir='ltr'><strong>rnernento</strong></span> <span class='ocrx_word' id='word_1_158' title='bbox 574 1963 599 2009; x_wconf 83' lang='lat' dir='ltr'><strong>in</strong></span> 
     </span>
     <span class='ocr_line' id='line_1_20' title="bbox 61 2035 600 2099; baseline 0.004 -15"><span class='ocrx_word' id='word_1_159' title='bbox 61 2035 293 2085; x_wconf 61' lang='lat' dir='ltr'><strong>minitationem</strong></span> <span class='ocrx_word' id='word_1_160' title='bbox 300 2037 390 2084; x_wconf 78' lang='lat' dir='ltr'><strong>datam.</strong></span> <span class='ocrx_word' id='word_1_161' title='bbox 422 2037 476 2099; x_wconf 83' lang='lat' dir='ltr'><strong>Ipsi</strong></span> <span class='ocrx_word' id='word_1_162' title='bbox 481 2037 600 2086; x_wconf 81' lang='lat' dir='ltr'><strong>Diiierus</strong></span> 
     </span>
     <span class='ocr_line' id='line_1_21' title="bbox 61 2112 597 2175; baseline 0.006 -17"><span class='ocrx_word' id='word_1_163' title='bbox 61 2117 122 2158; x_wconf 83' lang='lat' dir='ltr'><strong>sunt</strong></span> <span class='ocrx_word' id='word_1_164' title='bbox 148 2113 243 2160; x_wconf 77' lang='lat' dir='ltr'><strong>talibus.</strong></span> <span class='ocrx_word' id='word_1_165' title='bbox 275 2112 461 2175; x_wconf 80' lang='lat' dir='ltr'><strong>chrysostomos</strong></span> <span class='ocrx_word' id='word_1_166' title='bbox 480 2113 543 2175; x_wconf 84' lang='lat' dir='ltr'><strong>Eph.</strong></span> <span class='ocrx_word' id='word_1_167' title='bbox 565 2114 597 2162; x_wconf 85' lang='lat' dir='ltr'><strong>ir.</strong></span> 
     </span>
     <span class='ocr_line' id='line_1_22' title="bbox 60 2185 598 2252; baseline 0 -16"><span class='ocrx_word' id='word_1_168' title='bbox 60 2189 96 2236; x_wconf 82' lang='lat'><strong>17</strong></span> <span class='ocrx_word' id='word_1_169' title='bbox 114 2185 197 2247; x_wconf 77' lang='lat' dir='ltr'><strong>(Toni.</strong></span> <span class='ocrx_word' id='word_1_170' title='bbox 208 2201 245 2235; x_wconf 79' lang='lat' dir='ltr'><strong>vr.</strong></span> <span class='ocrx_word' id='word_1_171' title='bbox 259 2202 318 2250; x_wconf 76' lang='lat' dir='ltr'><strong>pag.</strong></span> <span class='ocrx_word' id='word_1_172' title='bbox 328 2189 399 2249; x_wconf 79' lang='grc'><strong>828);</strong></span> <span class='ocrx_word' id='word_1_173' title='bbox 417 2190 466 2236; x_wconf 78' lang='grc' dir='ltr'><strong>τὸν</strong></span> <span class='ocrx_word' id='word_1_174' title='bbox 479 2189 531 2250; x_wconf 78' lang='grc' dir='ltr'><strong>γάρ</strong></span> <span class='ocrx_word' id='word_1_175' title='bbox 547 2189 598 2252; x_wconf 76' lang='lat' dir='ltr'><strong>dy·</strong></span> 
     </span>
     <span class='ocr_line' id='line_1_23' title="bbox 61 2264 598 2327; baseline 0 -14"><span class='ocrx_word' id='word_1_176' title='bbox 61 2264 183 2322; x_wconf 80' lang='grc' dir='ltr'><strong>νοοῦντα,</strong></span> <span class='ocrx_word' id='word_1_177' title='bbox 193 2267 222 2311; x_wconf 79' lang='lat' dir='ltr'><strong>od</strong></span> <span class='ocrx_word' id='word_1_178' title='bbox 231 2266 312 2312; x_wconf 71' lang='grc' dir='ltr'>κακῶς</span> <span class='ocrx_word' id='word_1_179' title='bbox 326 2265 439 2327; x_wconf 72' lang='grc' dir='ltr'><strong><em>πάσχειν</em></strong></span> <span class='ocrx_word' id='word_1_180' title='bbox 453 2266 507 2313; x_wconf 76' lang='grc' dir='ltr'><strong>οὐδὲ</strong></span> <span class='ocrx_word' id='word_1_181' title='bbox 520 2267 598 2325; x_wconf 76' lang='grc' dir='ltr'>ε’γκα·</span> 
     </span>
     <span class='ocr_line' id='line_1_24' title="bbox 62 2338 597 2400; baseline -0.002 -13"><span class='ocrx_word' id='word_1_182' title='bbox 62 2339 177 2396; x_wconf 68' lang='lat' dir='ltr'><strong>Medae,</strong></span> <span class='ocrx_word' id='word_1_183' title='bbox 187 2338 259 2388; x_wconf 83' lang='grc' dir='ltr'><strong>άλλά</strong></span> <span class='ocrx_word' id='word_1_184' title='bbox 268 2338 402 2400; x_wconf 70' lang='grc' dir='ltr'><strong><em>μανθάνειν</em></strong></span> <span class='ocrx_word' id='word_1_185' title='bbox 413 2339 509 2387; x_wconf 77' lang='grc' dir='ltr'><strong>δίκαιόν</strong></span> <span class='ocrx_word' id='word_1_186' title='bbox 524 2341 597 2388; x_wconf 77' lang='lat' dir='ltr'><strong>darer</strong></span> 
     </span>
     <span class='ocr_line' id='line_1_25' title="bbox 60 2414 597 2478; baseline 0.002 -16"><span class='ocrx_word' id='word_1_187' title='bbox 60 2414 131 2475; x_wconf 73' lang='grc' dir='ltr'><strong>ὅπερ</strong></span> <span class='ocrx_word' id='word_1_188' title='bbox 151 2415 252 2476; x_wconf 76' lang='grc' dir='ltr'><strong><em>ἀγνοεῖ·</em></strong></span> <span class='ocrx_word' id='word_1_189' title='bbox 275 2430 327 2463; x_wconf 81' lang='lat' dir='ltr'><strong>erens</strong></span> <span class='ocrx_word' id='word_1_190' title='bbox 346 2416 389 2478; x_wconf 74' lang='lat' dir='ltr'><strong>qur·</strong></span> <span class='ocrx_word' id='word_1_191' title='bbox 409 2416 505 2478; x_wconf 64' lang='lat' dir='ltr'><strong>ignorat</strong></span> <span class='ocrx_word' id='word_1_192' title='bbox 524 2431 597 2477; x_wconf 81' lang='lat' dir='ltr'><strong>neque</strong></span> 
     </span>
     <span class='ocr_line' id='line_1_26' title="bbox 60 2491 597 2555; baseline -0.002 -16"><span class='ocrx_word' id='word_1_193' title='bbox 60 2491 130 2539; x_wconf 65' lang='lat' dir='ltr'><strong>mato</strong></span> <span class='ocrx_word' id='word_1_194' title='bbox 144 2493 211 2555; x_wconf 82' lang='lat' dir='ltr'><strong>affici</strong></span> <span class='ocrx_word' id='word_1_195' title='bbox 225 2506 297 2553; x_wconf 83' lang='lat' dir='ltr'><strong>neque</strong></span> <span class='ocrx_word' id='word_1_196' title='bbox 312 2493 424 2539; x_wconf 69' lang='lat' dir='ltr'><strong>muneri</strong></span> <span class='ocrx_word' id='word_1_197' title='bbox 443 2496 540 2553; x_wconf 85' lang='lat' dir='ltr'><strong>oportet,</strong></span> <span class='ocrx_word' id='word_1_198' title='bbox 554 2493 597 2538; x_wconf 89' lang='lat' dir='ltr'><strong>sed</strong></span> 
     </span>
    </p>
   </div>
   <div class='ocr_carea' id='block_1_6' title="bbox 643 1737 1180 2554">
    <p class='ocr_par' dir='ltr' id='par_1_12' title="bbox 647 1737 1180 2022">
     <span class='ocr_line' id='line_1_27' title="bbox 650 1737 1180 1801; baseline 0.004 -18"><span class='ocrx_word' id='word_1_199' title='bbox 650 1738 741 1785; x_wconf 85' lang='lat' dir='ltr'><strong>oritur:</strong></span> <span class='ocrx_word' id='word_1_200' title='bbox 759 1739 885 1798; x_wconf 76' lang='grc' dir='ltr'><strong><em>Προσήκει</em></strong></span> <span class='ocrx_word' id='word_1_201' title='bbox 896 1738 922 1786; x_wconf 84' lang='lat' dir='ltr'><strong>ds&#39;</strong></span> <span class='ocrx_word' id='word_1_202' title='bbox 936 1756 987 1786; x_wconf 83' lang='lat' dir='ltr'><strong>noo</strong></span> <span class='ocrx_word' id='word_1_203' title='bbox 1006 1737 1131 1801; x_wconf 78' lang='grc' dir='ltr'><strong>[πάσχειν</strong></span> <span class='ocrx_word' id='word_1_204' title='bbox 1140 1739 1180 1799; x_wconf 73' lang='grc' dir='ltr'><strong>τῷ</strong></span> 
     </span>
     <span class='ocr_line' id='line_1_28' title="bbox 648 1811 1178 1873; baseline 0.009 -16"><span class='ocrx_word' id='word_1_205' title='bbox 648 1811 683 1869; x_wconf 73' lang='grc' dir='ltr'><em>μή</em></span> <span class='ocrx_word' id='word_1_206' title='bbox 703 1811 793 1873; x_wconf 77' lang='lat' dir='ltr'><strong>eldo&#39;rs]</strong></span> <span class='ocrx_word' id='word_1_207' title='bbox 814 1811 904 1871; x_wconf 74' lang='grc' dir='ltr'><strong><em>μαθεῖν</em></strong></span> <span class='ocrx_word' id='word_1_208' title='bbox 923 1811 997 1870; x_wconf 75' lang='grc' dir='ltr'><strong><em>παρά</em></strong></span> <span class='ocrx_word' id='word_1_209' title='bbox 1011 1812 1178 1863; x_wconf 67' lang='lat' dir='ltr'><strong>veirieiras.</strong></span> 
     </span>
     <span class='ocr_line' id='line_1_29' title="bbox 647 1887 1178 1949; baseline 0.009 -16"><span class='ocrx_word' id='word_1_210' title='bbox 647 1887 688 1933; x_wconf 88' lang='lat' dir='ltr'><strong>De</strong></span> <span class='ocrx_word' id='word_1_211' title='bbox 703 1888 764 1948; x_wconf 80' lang='lat' dir='ltr'><strong>Rep.</strong></span> <span class='ocrx_word' id='word_1_212' title='bbox 780 1887 834 1935; x_wconf 86' lang='lat' dir='ltr'><strong>Lib.</strong></span> <span class='ocrx_word' id='word_1_213' title='bbox 853 1901 871 1936; x_wconf 83' lang='grc' dir='ltr'><strong>ι.</strong></span> <span class='ocrx_word' id='word_1_214' title='bbox 889 1902 946 1949; x_wconf 80' lang='lat' dir='ltr'><strong>pag.</strong></span> <span class='ocrx_word' id='word_1_215' title='bbox 962 1889 1007 1937; x_wconf 73' lang='lat'><strong>337</strong></span> <span class='ocrx_word' id='word_1_216' title='bbox 1020 1901 1047 1938; x_wconf 84' lang='lat' dir='ltr'><strong>u.</strong></span> <span class='ocrx_word' id='word_1_217' title='bbox 1063 1887 1133 1936; x_wconf 79' lang='lat' dir='ltr'><strong>Tom.</strong></span> <span class='ocrx_word' id='word_1_218' title='bbox 1148 1901 1178 1938; x_wconf 85' lang='lat'><strong>11.</strong></span> 
     </span>
     <span class='ocr_line' id='line_1_30' title="bbox 647 1961 933 2022; baseline 0.01 -13"><span class='ocrx_word' id='word_1_219' title='bbox 647 1961 697 2010; x_wconf 83' lang='lat' dir='ltr'><strong>Ed.</strong></span> <span class='ocrx_word' id='word_1_220' title='bbox 709 1962 743 2011; x_wconf 88' lang='lat' dir='ltr'><strong>H.</strong></span> <span class='ocrx_word' id='word_1_221' title='bbox 755 1963 836 2022; x_wconf 81' lang='lat' dir='ltr'><strong>Steph.</strong></span> <span class='ocrx_word' id='word_1_222' title='bbox 862 1964 933 2012; x_wconf 72' lang='lat' dir='ltr'><strong>Mt.</strong></span> 
     </span>
    </p>

    <p class='ocr_par' dir='ltr' id='par_1_13' title="bbox 643 2039 1179 2554">
     <span class='ocr_line' id='line_1_31' title="bbox 691 2039 1178 2101; baseline 0.002 -15"><span class='ocrx_word' id='word_1_223' title='bbox 691 2047 700 2072; x_wconf 88' lang='lat'>¹</span> <span class='ocrx_word' id='word_1_224' title='bbox 714 2039 811 2086; x_wconf 68' lang='lat' dir='ltr'><strong>«laertius</strong></span> <span class='ocrx_word' id='word_1_225' title='bbox 830 2040 869 2086; x_wconf 84' lang='lat' dir='ltr'><strong>illi</strong></span> <span class='ocrx_word' id='word_1_226' title='bbox 884 2041 1014 2101; x_wconf 80' lang='lat' dir='ltr'><strong>punientur</strong></span> <span class='ocrx_word' id='word_1_227' title='bbox 1029 2040 1073 2101; x_wconf 77' lang='lat' dir='ltr'><strong>qni</strong></span> <span class='ocrx_word' id='word_1_228' title='bbox 1092 2040 1117 2087; x_wconf 83' lang='lat' dir='ltr'><strong>in</strong></span> <span class='ocrx_word' id='word_1_229' title='bbox 1132 2053 1178 2097; x_wconf 88' lang='lat' dir='ltr'><strong>eos,</strong></span> 
     </span>
     <span class='ocr_line' id='line_1_32' title="bbox 646 2115 1179 2176; baseline 0.004 -16"><span class='ocrx_word' id='word_1_230' title='bbox 646 2130 705 2176; x_wconf 78' lang='lat' dir='ltr'><strong>quos</strong></span> <span class='ocrx_word' id='word_1_231' title='bbox 725 2115 791 2162; x_wconf 89' lang='lat' dir='ltr'><strong>Deos</strong></span> <span class='ocrx_word' id='word_1_232' title='bbox 813 2121 907 2176; x_wconf 84' lang='lat' dir='ltr'><strong>putant,</strong></span> <span class='ocrx_word' id='word_1_233' title='bbox 932 2117 1085 2163; x_wconf 68' lang='lat' dir='ltr'><strong>irreverentes</strong></span> <span class='ocrx_word' id='word_1_234' title='bbox 1107 2119 1179 2176; x_wconf 77' lang='lat' dir='ltr'><strong>atque</strong></span> 
     </span>
     <span class='ocr_line' id='line_1_33' title="bbox 646 2189 1179 2252; baseline 0.004 -16"><span class='ocrx_word' id='word_1_235' title='bbox 646 2190 777 2251; x_wconf 70' lang='lat' dir='ltr'><strong>irreligiosi</strong></span> <span class='ocrx_word' id='word_1_236' title='bbox 786 2189 852 2251; x_wconf 87' lang='lat' dir='ltr'><strong>eunt]</strong></span> <span class='ocrx_word' id='word_1_237' title='bbox 869 2190 932 2237; x_wconf 85' lang='lat' dir='ltr'><strong>Vide</strong></span> <span class='ocrx_word' id='word_1_238' title='bbox 943 2191 973 2237; x_wconf 85' lang='lat' dir='ltr'><strong>dc</strong></span> <span class='ocrx_word' id='word_1_239' title='bbox 983 2191 1028 2238; x_wconf 84' lang='lat' dir='ltr'><strong>hac</strong></span> <span class='ocrx_word' id='word_1_240' title='bbox 1042 2204 1070 2238; x_wconf 84' lang='lat' dir='ltr'><strong>rc</strong></span> <span class='ocrx_word' id='word_1_241' title='bbox 1079 2190 1179 2252; x_wconf 79' lang='lat' dir='ltr'><strong>egregis</strong></span> 
     </span>
     <span class='ocr_line' id='line_1_34' title="bbox 645 2265 1177 2326; baseline 0.008 -16"><span class='ocrx_word' id='word_1_242' title='bbox 645 2265 711 2325; x_wconf 80' lang='lat' dir='ltr'><strong>apud</strong></span> <span class='ocrx_word' id='word_1_243' title='bbox 732 2265 849 2326; x_wconf 70' lang='lat' dir='ltr'><strong>Cyrillum</strong></span> <span class='ocrx_word' id='word_1_244' title='bbox 866 2266 929 2313; x_wconf 87' lang='lat' dir='ltr'><strong>libro</strong></span> <span class='ocrx_word' id='word_1_245' title='bbox 946 2270 1031 2313; x_wconf 84' lang='lat' dir='ltr'><strong>eontra</strong></span> <span class='ocrx_word' id='word_1_246' title='bbox 1049 2266 1177 2314; x_wconf 69' lang='lat' dir='ltr'><strong>tatianam</strong></span> 
     </span>
     <span class='ocr_line' id='line_1_35' title="bbox 646 2342 1176 2403; baseline 0.006 -17"><span class='ocrx_word' id='word_1_247' title='bbox 646 2354 669 2389; x_wconf 85' lang='lat' dir='ltr'><strong>v.</strong></span> <span class='ocrx_word' id='word_1_248' title='bbox 679 2348 704 2388; x_wconf 87' lang='lat' dir='ltr'><strong>et</strong></span> <span class='ocrx_word' id='word_1_249' title='bbox 715 2355 751 2390; x_wconf 78' lang='lat' dir='ltr'><strong>vr.</strong></span> <span class='ocrx_word' id='word_1_250' title='bbox 772 2343 861 2389; x_wconf 85' lang='lat' dir='ltr'><strong>Solone</strong></span> <span class='ocrx_word' id='word_1_251' title='bbox 872 2347 971 2389; x_wconf 78' lang='lat' dir='ltr'><strong>anctore</strong></span> <span class='ocrx_word' id='word_1_252' title='bbox 985 2342 1176 2403; x_wconf 75' lang='lat' dir='ltr'><strong>Amphictyones</strong></span> 
     </span>
     <span class='ocr_line' id='line_1_36' title="bbox 644 2416 1175 2478; baseline 0 -14"><span class='ocrx_word' id='word_1_253' title='bbox 644 2417 708 2464; x_wconf 87' lang='lat' dir='ltr'><strong>bello</strong></span> <span class='ocrx_word' id='word_1_254' title='bbox 726 2417 846 2477; x_wconf 80' lang='lat' dir='ltr'><strong>persecuti</strong></span> <span class='ocrx_word' id='word_1_255' title='bbox 862 2421 920 2463; x_wconf 79' lang='lat' dir='ltr'><strong>srrnt</strong></span> <span class='ocrx_word' id='word_1_256' title='bbox 939 2416 1066 2475; x_wconf 75' lang='lat' dir='ltr'><strong>Cirrhaeos,</strong></span> <span class='ocrx_word' id='word_1_257' title='bbox 1082 2416 1175 2478; x_wconf 86' lang='lat' dir='ltr'><strong>qnodii</strong></span> 
     </span>
     <span class='ocr_line' id='line_1_37' title="bbox 643 2492 1175 2554; baseline 0 -14"><span class='ocrx_word' id='word_1_258' title='bbox 643 2493 736 2554; x_wconf 87' lang='lat' dir='ltr'><strong>templo</strong></span> <span class='ocrx_word' id='word_1_259' title='bbox 747 2492 866 2554; x_wconf 87' lang='lat' dir='ltr'><strong>Delphico</strong></span> <span class='ocrx_word' id='word_1_260' title='bbox 876 2493 924 2539; x_wconf 78' lang='lat' dir='ltr'><strong>rim</strong></span> <span class='ocrx_word' id='word_1_261' title='bbox 938 2492 1086 2540; x_wconf 79' lang='lat' dir='ltr'><strong>intulissent.</strong></span> <span class='ocrx_word' id='word_1_262' title='bbox 1115 2493 1175 2540; x_wconf 86' lang='lat' dir='ltr'><strong>Plu-</strong></span> 
     </span>
    </p>
   </div>
   <div class='ocr_carea' id='block_1_7' title="bbox 642 2565 1174 2692">
    <p class='ocr_par' dir='ltr' id='par_1_14' title="bbox 642 2565 1174 2692">
     <span class='ocr_line' id='line_1_38' title="bbox 643 2565 1174 2629; baseline 0.002 -14"><span class='ocrx_word' id='word_1_263' title='bbox 643 2569 741 2615; x_wconf 84' lang='lat' dir='ltr'><strong>turchns</strong></span> <span class='ocrx_word' id='word_1_264' title='bbox 759 2568 855 2625; x_wconf 83' lang='lat' dir='ltr'><strong>Solone,</strong></span> <span class='ocrx_word' id='word_1_265' title='bbox 873 2567 910 2627; x_wconf 85' lang='lat' dir='ltr'><strong>(p.</strong></span> <span class='ocrx_word' id='word_1_266' title='bbox 924 2569 953 2614; x_wconf 79' lang='grc'><strong>83</strong></span> <span class='ocrx_word' id='word_1_267' title='bbox 968 2565 1007 2629; x_wconf 73' lang='lat' dir='ltr'><strong>n.)</strong></span> <span class='ocrx_word' id='word_1_268' title='bbox 1038 2567 1078 2614; x_wconf 87' lang='lat' dir='ltr'><strong>Slc</strong></span> <span class='ocrx_word' id='word_1_269' title='bbox 1090 2571 1116 2615; x_wconf 87' lang='lat' dir='ltr'><strong>et</strong></span> <span class='ocrx_word' id='word_1_270' title='bbox 1131 2567 1174 2629; x_wconf 85' lang='lat' dir='ltr'><strong>qul</strong></span> 
     </span>
     <span class='ocr_line' id='line_1_39' title="bbox 642 2643 1174 2692; baseline 0.004 -2"><span class='ocrx_word' id='word_1_271' title='bbox 642 2644 704 2690; x_wconf 83' lang='lat' dir='ltr'><strong>islso</strong></span> <span class='ocrx_word' id='word_1_272' title='bbox 721 2644 767 2689; x_wconf 90' lang='lat' dir='ltr'><strong>sibl</strong></span> <span class='ocrx_word' id='word_1_273' title='bbox 783 2649 866 2690; x_wconf 82' lang='lat' dir='ltr'><strong>ratum</strong></span> <span class='ocrx_word' id='word_1_274' title='bbox 884 2656 971 2690; x_wconf 87' lang='lat' dir='ltr'><strong>nomen</strong></span> <span class='ocrx_word' id='word_1_275' title='bbox 987 2643 1092 2691; x_wconf 87' lang='lat' dir='ltr'><strong>induunt</strong></span> <span class='ocrx_word' id='word_1_276' title='bbox 1106 2648 1174 2692; x_wconf 78' lang='lat' dir='ltr'><strong>recte</strong></span> 
     </span>
    </p>
   </div>
   <div class='ocr_carea' id='block_1_8' title="bbox 51 2568 1173 3163">
    <p class='ocr_par' dir='ltr' id='par_1_15' title="bbox 59 2568 1173 2857">
     <span class='ocr_line' id='line_1_40' title="bbox 59 2568 594 2629; baseline 0.002 -14"><span class='ocrx_word' id='word_1_277' title='bbox 59 2582 157 2629; x_wconf 77' lang='lat' dir='ltr'><strong>oequnrn</strong></span> <span class='ocrx_word' id='word_1_278' title='bbox 168 2572 203 2615; x_wconf 88' lang='lat' dir='ltr'><strong>est</strong></span> <span class='ocrx_word' id='word_1_279' title='bbox 220 2573 246 2614; x_wconf 87' lang='lat' dir='ltr'><strong>ut</strong></span> <span class='ocrx_word' id='word_1_280' title='bbox 262 2568 341 2615; x_wconf 67' lang='lat' dir='ltr'><strong>ducat</strong></span> <span class='ocrx_word' id='word_1_281' title='bbox 353 2582 404 2629; x_wconf 78' lang='lat' dir='ltr'><strong>quc</strong></span> <span class='ocrx_word' id='word_1_282' title='bbox 420 2570 524 2629; x_wconf 65' lang='lat' dir='ltr'><strong>ignorat.</strong></span> <span class='ocrx_word' id='word_1_283' title='bbox 544 2569 594 2616; x_wconf 86' lang='lat' dir='ltr'><strong>Vs·</strong></span> 
     </span>
     <span class='ocr_line' id='line_1_41' title="bbox 59 2643 594 2700; baseline -0.002 -9"><span class='ocrx_word' id='word_1_284' title='bbox 59 2644 221 2700; x_wconf 70' lang='lat' dir='ltr'><strong>leomianus,</strong></span> <span class='ocrx_word' id='word_1_285' title='bbox 238 2643 354 2691; x_wconf 72' lang='lat' dir='ltr'><strong>laudante</strong></span> <span class='ocrx_word' id='word_1_286' title='bbox 374 2644 505 2691; x_wconf 78' lang='lat' dir='ltr'><strong>Ammiano</strong></span> <span class='ocrx_word' id='word_1_287' title='bbox 526 2645 594 2691; x_wconf 82' lang='lat' dir='ltr'><strong>Mar·</strong></span> 
     </span>
     <span class='ocr_line' id='line_1_42' title="bbox 60 2718 1173 2781; baseline 0 -13"><span class='ocrx_word' id='word_1_288' title='bbox 60 2721 151 2768; x_wconf 87' lang='lat' dir='ltr'><strong>cellino</strong></span> <span class='ocrx_word' id='word_1_289' title='bbox 161 2721 223 2766; x_wconf 90' lang='lat' dir='ltr'><strong>libro</strong></span> <span class='ocrx_word' id='word_1_290' title='bbox 234 2732 300 2767; x_wconf 84' lang='lat' dir='ltr'>xxx.</span> <span class='ocrx_word' id='word_1_291' title='bbox 316 2721 594 2781; x_wconf 79' lang='lat' dir='ltr'><strong>necquenquarninqui-</strong></span> <span class='ocrx_word' id='word_1_292' title='bbox 642 2719 791 2781; x_wconf 86' lang='lat' dir='ltr'><strong>puniuntur:</strong></span> <span class='ocrx_word' id='word_1_293' title='bbox 813 2719 911 2766; x_wconf 85' lang='lat' dir='ltr'><strong>consuls</strong></span> <span class='ocrx_word' id='word_1_294' title='bbox 930 2719 1065 2781; x_wconf 74' lang='lat' dir='ltr'><strong>Agsthism</strong></span> <span class='ocrx_word' id='word_1_295' title='bbox 1083 2718 1127 2767; x_wconf 81' lang='lat' dir='ltr'><strong>lib.</strong></span> <span class='ocrx_word' id='word_1_296' title='bbox 1147 2731 1173 2769; x_wconf 72' lang='lat' dir='ltr'><strong>r.</strong></span> 
     </span>
     <span class='ocr_line' id='line_1_43' title="bbox 59 2795 764 2857; baseline 0 -13"><span class='ocrx_word' id='word_1_297' title='bbox 59 2796 144 2852; x_wconf 67' lang='lat' dir='ltr'><strong>davd,</strong></span> <span class='ocrx_word' id='word_1_298' title='bbox 154 2809 227 2856; x_wconf 83' lang='lat' dir='ltr'><strong>neque</strong></span> <span class='ocrx_word' id='word_1_299' title='bbox 236 2796 316 2843; x_wconf 78' lang='lat' dir='ltr'><strong>atltae</strong></span> <span class='ocrx_word' id='word_1_300' title='bbox 332 2796 447 2843; x_wconf 75' lang='lat' dir='ltr'><strong>coleretur</strong></span> <span class='ocrx_word' id='word_1_301' title='bbox 461 2796 595 2857; x_wconf 82' lang='lat' dir='ltr'><strong>imperarit,</strong></span> <span class='ocrx_word' id='word_1_302' title='bbox 640 2797 717 2857; x_wconf 81' lang='lat' dir='ltr'><strong>(Cap.</strong></span> <span class='ocrx_word' id='word_1_303' title='bbox 727 2795 764 2856; x_wconf 86' lang='grc'><strong>3.)</strong></span> 
     </span>
    </p>

    <p class='ocr_par' dir='ltr' id='par_1_16' title="bbox 51 2870 1172 3163">
     <span class='ocr_line' id='line_1_44' title="bbox 59 2870 1171 2935; baseline -0.001 -15"><span class='ocrx_word' id='word_1_304' title='bbox 59 2876 106 2920; x_wconf 79' lang='lat' dir='ltr'><strong>ant</strong></span> <span class='ocrx_word' id='word_1_305' title='bbox 116 2871 194 2928; x_wconf 85' lang='lat' dir='ltr'><strong>iliud;</strong></span> <span class='ocrx_word' id='word_1_306' title='bbox 209 2885 251 2920; x_wconf 89' lang='lat' dir='ltr'><strong>nec</strong></span> <span class='ocrx_word' id='word_1_307' title='bbox 261 2872 394 2918; x_wconf 83' lang='lat' dir='ltr'><strong>interdictis</strong></span> <span class='ocrx_word' id='word_1_308' title='bbox 402 2872 594 2919; x_wconf 80' lang='lat' dir='ltr'><strong>ninacihnssuh·</strong></span> <span class='ocrx_word' id='word_1_309' title='bbox 687 2871 697 2901; x_wconf 72' lang='lat'>⁵</span> <span class='ocrx_word' id='word_1_310' title='bbox 712 2872 801 2919; x_wconf 79' lang='lat' dir='ltr'><strong>Nescio</strong></span> <span class='ocrx_word' id='word_1_311' title='bbox 816 2871 913 2917; x_wconf 78' lang='lat' dir='ltr'><strong>ubinam</strong></span> <span class='ocrx_word' id='word_1_312' title='bbox 928 2870 953 2917; x_wconf 91' lang='lat' dir='ltr'><strong>ld</strong></span> <span class='ocrx_word' id='word_1_313' title='bbox 968 2871 1056 2919; x_wconf 84' lang='lat' dir='ltr'><strong>dixerit</strong></span> <span class='ocrx_word' id='word_1_314' title='bbox 1070 2872 1171 2935; x_wconf 81' lang='lat' dir='ltr'><strong>Angus-</strong></span> 
     </span>
     <span class='ocr_line' id='line_1_45' title="bbox 51 2946 1172 3009; baseline 0.001 -15"><span class='ocrx_word' id='word_1_315' title='bbox 51 2947 172 3008; x_wconf 76' lang='lat' dir='ltr'><strong>jeetorem</strong></span> <span class='ocrx_word' id='word_1_316' title='bbox 182 2948 294 2995; x_wconf 83' lang='lat' dir='ltr'><strong>cervicem</strong></span> <span class='ocrx_word' id='word_1_317' title='bbox 304 2947 339 2993; x_wconf 82' lang='lat' dir='ltr'><strong>ad</strong></span> <span class='ocrx_word' id='word_1_318' title='bbox 351 2946 379 2994; x_wconf 73' lang='grc' dir='ltr'><strong>ἑά</strong></span> <span class='ocrx_word' id='word_1_319' title='bbox 387 2947 452 3009; x_wconf 80' lang='lat' dir='ltr'><strong>quod</strong></span> <span class='ocrx_word' id='word_1_320' title='bbox 461 2948 512 3008; x_wconf 83' lang='lat' dir='ltr'><strong>ipse</strong></span> <span class='ocrx_word' id='word_1_321' title='bbox 522 2948 594 2994; x_wconf 81' lang='lat' dir='ltr'><strong>coluit</strong></span> <span class='ocrx_word' id='word_1_322' title='bbox 640 2950 714 2996; x_wconf 82' lang='lat' dir='ltr'><strong>tinus.</strong></span> <span class='ocrx_word' id='word_1_323' title='bbox 746 2949 820 2996; x_wconf 85' lang='lat' dir='ltr'><strong>Certe</strong></span> <span class='ocrx_word' id='word_1_324' title='bbox 834 2947 869 2994; x_wconf 88' lang='lat' dir='ltr'><strong>sic</strong></span> <span class='ocrx_word' id='word_1_325' title='bbox 884 2960 933 2993; x_wconf 90' lang='lat' dir='ltr'><strong>non</strong></span> <span class='ocrx_word' id='word_1_326' title='bbox 944 2947 1002 2994; x_wconf 89' lang='lat' dir='ltr'><strong>sstis</strong></span> <span class='ocrx_word' id='word_1_327' title='bbox 1012 2948 1058 2995; x_wconf 87' lang='lat' dir='ltr'><strong>sibi</strong></span> <span class='ocrx_word' id='word_1_328' title='bbox 1067 2951 1172 3007; x_wconf 80' lang='lat' dir='ltr'><strong>constat,</strong></span> 
     </span>
     <span class='ocr_line' id='line_1_46' title="bbox 60 3022 1170 3085; baseline 0 -13"><span class='ocrx_word' id='word_1_329' title='bbox 60 3023 206 3083; x_wconf 76' lang='lat' dir='ltr'><strong>inclinabat,</strong></span> <span class='ocrx_word' id='word_1_330' title='bbox 219 3024 261 3071; x_wconf 88' lang='lat' dir='ltr'><strong>sed</strong></span> <span class='ocrx_word' id='word_1_331' title='bbox 274 3024 428 3071; x_wconf 80' lang='lat' dir='ltr'><strong>intemeratae</strong></span> <span class='ocrx_word' id='word_1_332' title='bbox 441 3023 538 3085; x_wconf 82' lang='lat' dir='ltr'><strong>reliquit</strong></span> <span class='ocrx_word' id='word_1_333' title='bbox 548 3024 593 3070; x_wconf 79' lang='lat' dir='ltr'><strong>lius</strong></span> <span class='ocrx_word' id='word_1_334' title='bbox 640 3037 714 3084; x_wconf 84' lang='lat' dir='ltr'><strong>quom</strong></span> <span class='ocrx_word' id='word_1_335' title='bbox 731 3023 782 3084; x_wconf 89' lang='lat' dir='ltr'><strong>lpse</strong></span> <span class='ocrx_word' id='word_1_336' title='bbox 798 3022 852 3069; x_wconf 87' lang='lat' dir='ltr'><strong>Lib.</strong></span> <span class='ocrx_word' id='word_1_337' title='bbox 871 3035 961 3083; x_wconf 63' lang='lat' dir='ltr'><strong>neap.</strong></span> <span class='ocrx_word' id='word_1_338' title='bbox 978 3022 1020 3070; x_wconf 86' lang='lat' dir='ltr'><strong>xii.</strong></span> <span class='ocrx_word' id='word_1_339' title='bbox 1038 3022 1079 3070; x_wconf 86' lang='lat' dir='ltr'><strong>De</strong></span> <span class='ocrx_word' id='word_1_340' title='bbox 1098 3023 1170 3072; x_wconf 67' lang='lat' dir='ltr'><strong>aare.</strong></span> 
     </span>
     <span class='ocr_line' id='line_1_47' title="bbox 54 3097 1170 3163; baseline -0.002 -15"><span class='ocrx_word' id='word_1_341' title='bbox 54 3105 142 3163; x_wconf 78' lang='lat' dir='ltr'><strong>partes</strong></span> <span class='ocrx_word' id='word_1_342' title='bbox 152 3101 280 3163; x_wconf 83' lang='lat' dir='ltr'><strong>utreperit.</strong></span> <span class='ocrx_word' id='word_1_343' title='bbox 298 3098 373 3162; x_wconf 82' lang='lat' dir='ltr'><strong>(Cap.</strong></span> <span class='ocrx_word' id='word_1_344' title='bbox 383 3099 420 3160; x_wconf 84' lang='grc'><strong>9.)</strong></span> <span class='ocrx_word' id='word_1_345' title='bbox 641 3100 690 3147; x_wconf 85' lang='lat' dir='ltr'><strong>Dei</strong></span> <span class='ocrx_word' id='word_1_346' title='bbox 708 3101 762 3147; x_wconf 79' lang='lat' dir='ltr'><strong>tuse</strong></span> <span class='ocrx_word' id='word_1_347' title='bbox 781 3100 841 3146; x_wconf 90' lang='lat' dir='ltr'><strong>satis</strong></span> <span class='ocrx_word' id='word_1_348' title='bbox 861 3097 984 3156; x_wconf 77' lang='lat' dir='ltr'><strong>ostendat,</strong></span> <span class='ocrx_word' id='word_1_349' title='bbox 1004 3098 1170 3146; x_wconf 82' lang='lat' dir='ltr'><strong>Romsnornm</strong></span> 
     </span>
    </p>
   </div>
   <div class='ocr_carea' id='block_1_9' title="bbox 50 3351 1168 4296">
    <p class='ocr_par' dir='ltr' id='par_1_17' title="bbox 53 3351 1168 4036">
     <span class='ocr_line' id='line_1_48' title="bbox 58 3351 1168 3426; baseline -0.003 -14"><span class='ocrx_word' id='word_1_350' title='bbox 58 3356 216 3412; x_wconf 81' lang='lat' dir='ltr'><strong>Atheniens</strong></span> <span class='ocrx_word' id='word_1_351' title='bbox 231 3353 287 3410; x_wconf 91' lang='lat' dir='ltr'><strong>and</strong></span> <span class='ocrx_word' id='word_1_352' title='bbox 302 3353 559 3416; x_wconf 72' lang='lat' dir='ltr'><strong>Lacedaemoniam,</strong></span> <span class='ocrx_word' id='word_1_353' title='bbox 572 3354 628 3409; x_wconf 85' lang='lat' dir='ltr'><strong>and</strong></span> <span class='ocrx_word' id='word_1_354' title='bbox 640 3353 679 3426; x_wconf 72' lang='lat' dir='ltr'><strong>by</strong></span> <span class='ocrx_word' id='word_1_355' title='bbox 691 3353 786 3424; x_wconf 87' lang='lat' dir='ltr'><strong>Philip</strong></span> <span class='ocrx_word' id='word_1_356' title='bbox 798 3351 832 3407; x_wconf 86' lang='lat' dir='ltr'><strong>oi</strong></span> <span class='ocrx_word' id='word_1_357' title='bbox 843 3352 983 3408; x_wconf 77' lang='lat' dir='ltr'><strong>Macedon</strong></span> <span class='ocrx_word' id='word_1_358' title='bbox 997 3352 1107 3425; x_wconf 76' lang='lat' dir='ltr'><strong>against</strong></span> <span class='ocrx_word' id='word_1_359' title='bbox 1118 3352 1168 3410; x_wconf 83' lang='lat' dir='ltr'><strong>the</strong></span> 
     </span>
     <span class='ocr_line' id='line_1_49' title="bbox 57 3439 1166 3513; baseline -0.003 -14"><span class='ocrx_word' id='word_1_360' title='bbox 57 3444 216 3500; x_wconf 84' lang='lat' dir='ltr'><strong>Phocians:</strong></span> <span class='ocrx_word' id='word_1_361' title='bbox 241 3440 275 3496; x_wconf 85' lang='lat' dir='ltr'><strong>oi</strong></span> <span class='ocrx_word' id='word_1_362' title='bbox 290 3440 383 3497; x_wconf 84' lang='lat' dir='ltr'><strong>whose</strong></span> <span class='ocrx_word' id='word_1_363' title='bbox 398 3441 533 3513; x_wconf 87' lang='lat' dir='ltr'><strong>sacrilego</strong></span> <span class='ocrx_word' id='word_1_364' title='bbox 547 3441 644 3496; x_wconf 78' lang='lat' dir='ltr'><strong>lustin</strong></span> <span class='ocrx_word' id='word_1_365' title='bbox 655 3457 727 3513; x_wconf 82' lang='lat' dir='ltr'><strong>says,</strong></span> <span class='ocrx_word' id='word_1_366' title='bbox 742 3439 805 3494; x_wconf 89' lang='lat' dir='ltr'><strong>that</strong></span> <span class='ocrx_word' id='word_1_367' title='bbox 820 3443 841 3494; x_wconf 86' lang='lat' dir='ltr'><strong>ie</strong></span> <span class='ocrx_word' id='word_1_368' title='bbox 856 3439 982 3511; x_wconf 74' lang='lat' dir='ltr'><strong>required</strong></span> <span class='ocrx_word' id='word_1_369' title='bbox 1002 3449 1028 3494; x_wconf 91' lang='lat' dir='ltr'><strong>to</strong></span> <span class='ocrx_word' id='word_1_370' title='bbox 1046 3441 1074 3495; x_wconf 80' lang='lat' dir='ltr'><strong>he</strong></span> <span class='ocrx_word' id='word_1_371' title='bbox 1091 3439 1166 3512; x_wconf 79' lang='lat' dir='ltr'><strong>erpi·</strong></span> 
     </span>
     <span class='ocr_line' id='line_1_50' title="bbox 56 3525 1167 3602; baseline -0.004 -16"><span class='ocrx_word' id='word_1_372' title='bbox 56 3531 171 3602; x_wconf 74' lang='lat' dir='ltr'><strong>atethy</strong></span> <span class='ocrx_word' id='word_1_373' title='bbox 192 3530 233 3583; x_wconf 81' lang='lat' dir='ltr'><strong>the</strong></span> <span class='ocrx_word' id='word_1_374' title='bbox 251 3545 327 3583; x_wconf 81' lang='lat' dir='ltr'><strong>arnse</strong></span> <span class='ocrx_word' id='word_1_375' title='bbox 341 3530 377 3602; x_wconf 85' lang='lat' dir='ltr'><strong>os</strong></span> <span class='ocrx_word' id='word_1_376' title='bbox 393 3529 433 3582; x_wconf 82' lang='lat' dir='ltr'><strong>tie</strong></span> <span class='ocrx_word' id='word_1_377' title='bbox 447 3529 529 3583; x_wconf 73' lang='lat' dir='ltr'><strong>adole</strong></span> <span class='ocrx_word' id='word_1_378' title='bbox 542 3529 637 3583; x_wconf 86' lang='lat' dir='ltr'><strong>world.</strong></span> <span class='ocrx_word' id='word_1_379' title='bbox 674 3527 790 3583; x_wconf 83' lang='lat' dir='ltr'><strong>Jcrome</strong></span> <span class='ocrx_word' id='word_1_380' title='bbox 809 3542 880 3598; x_wconf 64' lang='lat' dir='ltr'><strong>sess,</strong></span> <span class='ocrx_word' id='word_1_381' title='bbox 901 3542 938 3579; x_wconf 92' lang='lat' dir='ltr'><strong>on</strong></span> <span class='ocrx_word' id='word_1_382' title='bbox 960 3525 1063 3580; x_wconf 87' lang='lat' dir='ltr'><strong>Donicl</strong></span> <span class='ocrx_word' id='word_1_383' title='bbox 1077 3543 1103 3584; x_wconf 89' lang='lat' dir='ltr'><strong>r.</strong></span> <span class='ocrx_word' id='word_1_384' title='bbox 1124 3527 1167 3582; x_wconf 75' lang='lat' dir='ltr'><strong>As</strong></span> 
     </span>
     <span class='ocr_line' id='line_1_51' title="bbox 56 3611 1166 3688; baseline -0.005 -14"><span class='ocrx_word' id='word_1_385' title='bbox 56 3619 121 3688; x_wconf 75' lang='lat' dir='ltr'><strong>lonp</strong></span> <span class='ocrx_word' id='word_1_386' title='bbox 141 3634 173 3672; x_wconf 85' lang='lat' dir='ltr'><strong>as</strong></span> <span class='ocrx_word' id='word_1_387' title='bbox 188 3617 228 3671; x_wconf 76' lang='lat' dir='ltr'><strong>tlte</strong></span> <span class='ocrx_word' id='word_1_388' title='bbox 249 3616 345 3670; x_wconf 74' lang='lat' dir='ltr'><strong>merod</strong></span> <span class='ocrx_word' id='word_1_389' title='bbox 360 3615 450 3670; x_wconf 73' lang='lat' dir='ltr'><strong>ruscis</strong></span> <span class='ocrx_word' id='word_1_390' title='bbox 472 3612 518 3682; x_wconf 81' lang='lat' dir='ltr'><strong>[oi</strong></span> <span class='ocrx_word' id='word_1_391' title='bbox 529 3614 579 3670; x_wconf 89' lang='lat' dir='ltr'><strong>the</strong></span> <span class='ocrx_word' id='word_1_392' title='bbox 599 3611 747 3681; x_wconf 87' lang='lat' dir='ltr'><strong>Hebrews]</strong></span> <span class='ocrx_word' id='word_1_393' title='bbox 767 3631 835 3668; x_wconf 85' lang='lat' dir='ltr'><strong>were</strong></span> <span class='ocrx_word' id='word_1_394' title='bbox 854 3614 884 3666; x_wconf 81' lang='lat' dir='ltr'><strong>in</strong></span> <span class='ocrx_word' id='word_1_395' title='bbox 900 3613 940 3666; x_wconf 87' lang='lat' dir='ltr'><strong>the</strong></span> <span class='ocrx_word' id='word_1_396' title='bbox 957 3613 1118 3686; x_wconf 80' lang='lat' dir='ltr'><strong>idoLternple</strong></span> <span class='ocrx_word' id='word_1_397' title='bbox 1134 3622 1166 3669; x_wconf 81' lang='lat' dir='ltr'><strong>at</strong></span> 
     </span>
     <span class='ocr_line' id='line_1_52' title="bbox 54 3698 1165 3776; baseline -0.003 -17"><span class='ocrx_word' id='word_1_398' title='bbox 54 3705 193 3776; x_wconf 74' lang='lat' dir='ltr'><strong>Babylon,</strong></span> <span class='ocrx_word' id='word_1_399' title='bbox 207 3703 271 3758; x_wconf 79' lang='lat' dir='ltr'><strong>God</strong></span> <span class='ocrx_word' id='word_1_400' title='bbox 281 3720 339 3758; x_wconf 85' lang='lat' dir='ltr'><strong>was</strong></span> <span class='ocrx_word' id='word_1_401' title='bbox 349 3712 397 3756; x_wconf 85' lang='lat' dir='ltr'><strong>not</strong></span> <span class='ocrx_word' id='word_1_402' title='bbox 408 3719 506 3773; x_wconf 75' lang='lat' dir='ltr'><strong>anpry,</strong></span> <span class='ocrx_word' id='word_1_403' title='bbox 522 3698 590 3774; x_wconf 81' lang='lat' dir='ltr'><strong>(sor</strong></span> <span class='ocrx_word' id='word_1_404' title='bbox 598 3703 657 3773; x_wconf 79' lang='lat' dir='ltr'><strong>they</strong></span> <span class='ocrx_word' id='word_1_405' title='bbox 668 3702 724 3756; x_wconf 84' lang='lat' dir='ltr'><strong>still</strong></span> <span class='ocrx_word' id='word_1_406' title='bbox 735 3701 834 3755; x_wconf 77' lang='lat' dir='ltr'><strong>ceonred</strong></span> <span class='ocrx_word' id='word_1_407' title='bbox 845 3708 870 3752; x_wconf 94' lang='lat' dir='ltr'><strong>to</strong></span> <span class='ocrx_word' id='word_1_408' title='bbox 883 3700 911 3753; x_wconf 85' lang='lat' dir='ltr'><strong>he</strong></span> <span class='ocrx_word' id='word_1_409' title='bbox 922 3699 1029 3754; x_wconf 82' lang='lat' dir='ltr'><strong>devoted</strong></span> <span class='ocrx_word' id='word_1_410' title='bbox 1039 3709 1065 3754; x_wconf 91' lang='lat' dir='ltr'><strong>to</strong></span> <span class='ocrx_word' id='word_1_411' title='bbox 1076 3700 1165 3756; x_wconf 80' lang='lat' dir='ltr'><strong>divine</strong></span> 
     </span>
     <span class='ocr_line' id='line_1_53' title="bbox 55 3783 1164 3863; baseline -0.007 -15"><span class='ocrx_word' id='word_1_412' title='bbox 55 3792 182 3863; x_wconf 81' lang='lat' dir='ltr'><strong>worship,</strong></span> <span class='ocrx_word' id='word_1_413' title='bbox 206 3790 305 3861; x_wconf 74' lang='lat' dir='ltr'><strong>tlwwplt</strong></span> <span class='ocrx_word' id='word_1_414' title='bbox 325 3789 517 3861; x_wconf 81' lang='lat' dir='ltr'><strong>accomponied</strong></span> <span class='ocrx_word' id='word_1_415' title='bbox 533 3789 598 3841; x_wconf 81' lang='lat' dir='ltr'><strong>with</strong></span> <span class='ocrx_word' id='word_1_416' title='bbox 616 3788 756 3860; x_wconf 73' lang='lat' dir='ltr'><strong>peruerted</strong></span> <span class='ocrx_word' id='word_1_417' title='bbox 771 3783 926 3857; x_wconf 70' lang='lat' dir='ltr'><strong>opiniones)</strong></span> <span class='ocrx_word' id='word_1_418' title='bbox 948 3786 994 3839; x_wconf 71' lang='lat' dir='ltr'><strong>litet</strong></span> <span class='ocrx_word' id='word_1_419' title='bbox 1010 3787 1086 3858; x_wconf 82' lang='lat' dir='ltr'><strong>aster</strong></span> <span class='ocrx_word' id='word_1_420' title='bbox 1106 3787 1164 3841; x_wconf 82' lang='lat' dir='ltr'><strong>thot</strong></span> 
     </span>
     <span class='ocr_line' id='line_1_54' title="bbox 54 3871 1165 3951; baseline -0.005 -18"><span class='ocrx_word' id='word_1_421' title='bbox 54 3880 114 3951; x_wconf 77' lang='lat' dir='ltr'><strong>they</strong></span> <span class='ocrx_word' id='word_1_422' title='bbox 134 3891 202 3934; x_wconf 84' lang='lat' dir='ltr'><strong>were</strong></span> <span class='ocrx_word' id='word_1_423' title='bbox 220 3876 343 3949; x_wconf 84' lang='lat' dir='ltr'><strong>polluted</strong></span> <span class='ocrx_word' id='word_1_424' title='bbox 356 3877 389 3950; x_wconf 75' lang='lat' dir='ltr'><strong>by</strong></span> <span class='ocrx_word' id='word_1_425' title='bbox 404 3878 507 3931; x_wconf 80' lang='lat' dir='ltr'><strong>human</strong></span> <span class='ocrx_word' id='word_1_426' title='bbox 524 3893 590 3938; x_wconf 82' lang='lat' dir='ltr'><strong>uses,</strong></span> <span class='ocrx_word' id='word_1_427' title='bbox 612 3877 653 3929; x_wconf 87' lang='lat' dir='ltr'><strong>the</strong></span> <span class='ocrx_word' id='word_1_428' title='bbox 672 3873 845 3946; x_wconf 81' lang='lat' dir='ltr'><strong>punishment</strong></span> <span class='ocrx_word' id='word_1_429' title='bbox 865 3871 1042 3944; x_wconf 73' lang='lat' dir='ltr'><strong>siraiphtway</strong></span> <span class='ocrx_word' id='word_1_430' title='bbox 1052 3871 1165 3947; x_wconf 78' lang='lat' dir='ltr'><strong>follows</strong></span> 
     </span>
     <span class='ocr_line' id='line_1_55' title="bbox 53 3965 247 4036; baseline -0.005 -15"><span class='ocrx_word' id='word_1_431' title='bbox 53 3967 96 4021; x_wconf 78' lang='lat' dir='ltr'><strong>tlte</strong></span> <span class='ocrx_word' id='word_1_432' title='bbox 111 3965 247 4036; x_wconf 73' lang='lat' dir='ltr'><strong>seerdwe.</strong></span> 
     </span>
    </p>

    <p class='ocr_par' dir='ltr' id='par_1_18' title="bbox 50 4043 1164 4296">
     <span class='ocr_line' id='line_1_56' title="bbox 108 4043 1164 4122; baseline -0.007 -16"><span class='ocrx_word' id='word_1_433' title='bbox 108 4051 267 4122; x_wconf 79' lang='lat' dir='ltr'><strong>Augustino</strong></span> <span class='ocrx_word' id='word_1_434' title='bbox 281 4048 377 4105; x_wconf 83' lang='lat' dir='ltr'><strong>thinks</strong></span> <span class='ocrx_word' id='word_1_435' title='bbox 396 4049 459 4106; x_wconf 86' lang='lat' dir='ltr'><strong>that</strong></span> <span class='ocrx_word' id='word_1_436' title='bbox 480 4048 530 4103; x_wconf 88' lang='lat' dir='ltr'><strong>the</strong></span> <span class='ocrx_word' id='word_1_437' title='bbox 548 4049 660 4103; x_wconf 86' lang='lat' dir='ltr'><strong>Roman</strong></span> <span class='ocrx_word' id='word_1_438' title='bbox 675 4047 791 4119; x_wconf 87' lang='lat' dir='ltr'><strong>Empiro</strong></span> <span class='ocrx_word' id='word_1_439' title='bbox 811 4062 867 4100; x_wconf 82' lang='lat' dir='ltr'><strong>was</strong></span> <span class='ocrx_word' id='word_1_440' title='bbox 888 4044 1022 4101; x_wconf 82' lang='lat' dir='ltr'><strong>iarourcd</strong></span> <span class='ocrx_word' id='word_1_441' title='bbox 1036 4044 1076 4117; x_wconf 84' lang='lat' dir='ltr'><strong>by</strong></span> <span class='ocrx_word' id='word_1_442' title='bbox 1091 4043 1164 4111; x_wconf 84' lang='lat' dir='ltr'><strong>God,</strong></span> 
     </span>
     <span class='ocr_line' id='line_1_57' title="bbox 51 4130 1163 4207; baseline -0.007 -13"><span class='ocrx_word' id='word_1_443' title='bbox 51 4140 184 4196; x_wconf 80' lang='lat' dir='ltr'><strong>because.</strong></span> <span class='ocrx_word' id='word_1_444' title='bbox 198 4135 307 4207; x_wconf 89' lang='lat' dir='ltr'><strong>though</strong></span> <span class='ocrx_word' id='word_1_445' title='bbox 327 4135 403 4191; x_wconf 88' lang='lat' dir='ltr'><strong>their</strong></span> <span class='ocrx_word' id='word_1_446' title='bbox 421 4136 540 4207; x_wconf 81' lang='lat' dir='ltr'><strong>religion</strong></span> <span class='ocrx_word' id='word_1_447' title='bbox 561 4152 617 4190; x_wconf 83' lang='lat' dir='ltr'><strong>was</strong></span> <span class='ocrx_word' id='word_1_448' title='bbox 635 4133 715 4198; x_wconf 82' lang='lat' dir='ltr'><strong>salse,</strong></span> <span class='ocrx_word' id='word_1_449' title='bbox 732 4133 800 4205; x_wconf 82' lang='lat' dir='ltr'><strong>thcy</strong></span> <span class='ocrx_word' id='word_1_450' title='bbox 815 4148 888 4188; x_wconf 78' lang='lat' dir='ltr'><strong>nero</strong></span> <span class='ocrx_word' id='word_1_451' title='bbox 903 4134 931 4186; x_wconf 91' lang='lat' dir='ltr'><strong>in</strong></span> <span class='ocrx_word' id='word_1_452' title='bbox 947 4137 1060 4187; x_wconf 83' lang='lat' dir='ltr'><strong>comest</strong></span> <span class='ocrx_word' id='word_1_453' title='bbox 1074 4130 1163 4186; x_wconf 81' lang='lat' dir='ltr'><strong>about</strong></span> 
     </span>
     <span class='ocr_line' id='line_1_58' title="bbox 50 4217 1162 4296; baseline -0.01 -14"><span class='ocrx_word' id='word_1_454' title='bbox 50 4227 116 4292; x_wconf 85' lang='lat' dir='ltr'><strong>it*;</strong></span> <span class='ocrx_word' id='word_1_455' title='bbox 137 4223 195 4278; x_wconf 85' lang='lat' dir='ltr'><strong>and</strong></span> <span class='ocrx_word' id='word_1_456' title='bbox 216 4238 248 4277; x_wconf 85' lang='lat' dir='ltr'><strong>as</strong></span> <span class='ocrx_word' id='word_1_457' title='bbox 269 4223 435 4278; x_wconf 78' lang='lat' dir='ltr'><strong>Lactantius</strong></span> <span class='ocrx_word' id='word_1_458' title='bbox 456 4239 529 4296; x_wconf 79' lang='lat' dir='ltr'><strong>says,</strong></span> <span class='ocrx_word' id='word_1_459' title='bbox 546 4222 614 4296; x_wconf 81' lang='lat' dir='ltr'><strong>they</strong></span> <span class='ocrx_word' id='word_1_460' title='bbox 635 4222 703 4278; x_wconf 90' lang='lat' dir='ltr'><strong>held</strong></span> <span class='ocrx_word' id='word_1_461' title='bbox 721 4228 751 4276; x_wconf 92' lang='lat' dir='ltr'><strong>to</strong></span> <span class='ocrx_word' id='word_1_462' title='bbox 770 4219 820 4276; x_wconf 84' lang='lat' dir='ltr'><strong>tha</strong></span> <span class='ocrx_word' id='word_1_463' title='bbox 843 4220 919 4273; x_wconf 87' lang='lat' dir='ltr'><strong>main</strong></span> <span class='ocrx_word' id='word_1_464' title='bbox 943 4219 1014 4291; x_wconf 83' lang='lat' dir='ltr'><strong>duty</strong></span> <span class='ocrx_word' id='word_1_465' title='bbox 1034 4217 1068 4273; x_wconf 83' lang='lat' dir='ltr'><strong>of</strong></span> <span class='ocrx_word' id='word_1_466' title='bbox 1086 4233 1162 4284; x_wconf 81' lang='lat' dir='ltr'><strong>man,</strong></span> 
     </span>
    </p>
   </div>
   <div class='ocr_carea' id='block_1_10' title="bbox 46 4339 1159 4513">
    <p class='ocr_par' dir='ltr' id='par_1_19' title="bbox 46 4339 1159 4513">
     <span class='ocr_line' id='line_1_59' title="bbox 97 4339 1159 4438; baseline -0.006 -16"><span class='ocrx_word' id='word_1_467' title='bbox 97 4375 111 4402; x_wconf 73' lang='lat'>⁵</span> <span class='ocrx_word' id='word_1_468' title='bbox 126 4339 266 4434; x_wconf 77' lang='lat' dir='ltr'><strong>Angiutlne</strong></span> <span class='ocrx_word' id='word_1_469' title='bbox 276 4388 329 4435; x_wconf 76' lang='lat' dir='ltr'><strong>says</strong></span> <span class='ocrx_word' id='word_1_470' title='bbox 341 4375 395 4423; x_wconf 89' lang='lat' dir='ltr'><strong>that</strong></span> <span class='ocrx_word' id='word_1_471' title='bbox 410 4377 452 4423; x_wconf 85' lang='lat' dir='ltr'><strong>the</strong></span> <span class='ocrx_word' id='word_1_472' title='bbox 463 4377 558 4424; x_wconf 84' lang='lat' dir='ltr'><strong>Roman</strong></span> <span class='ocrx_word' id='word_1_473' title='bbox 569 4376 669 4438; x_wconf 87' lang='lat' dir='ltr'><strong>Empire</strong></span> <span class='ocrx_word' id='word_1_474' title='bbox 680 4388 730 4420; x_wconf 78' lang='lat' dir='ltr'><strong>was</strong></span> <span class='ocrx_word' id='word_1_475' title='bbox 745 4370 860 4419; x_wconf 82' lang='lat' dir='ltr'><strong>tarourcd</strong></span> <span class='ocrx_word' id='word_1_476' title='bbox 875 4371 906 4431; x_wconf 73' lang='lat' dir='ltr'><strong>by</strong></span> <span class='ocrx_word' id='word_1_477' title='bbox 920 4368 1001 4415; x_wconf 76' lang='lat' dir='ltr'><strong>divine</strong></span> <span class='ocrx_word' id='word_1_478' title='bbox 1010 4367 1159 4416; x_wconf 73' lang='lat' dir='ltr'><strong>Providentes</strong></span> 
     </span>
     <span class='ocr_line' id='line_1_60' title="bbox 46 4445 980 4513; baseline -0.013 -8"><span class='ocrx_word' id='word_1_479' title='bbox 46 4470 82 4506; x_wconf 88' lang='lat' dir='ltr'><strong>on</strong></span> <span class='ocrx_word' id='word_1_480' title='bbox 92 4456 198 4502; x_wconf 77' lang='lat' dir='ltr'><strong>account</strong></span> <span class='ocrx_word' id='word_1_481' title='bbox 207 4451 235 4499; x_wconf 79' lang='lat' dir='ltr'><strong>ot</strong></span> <span class='ocrx_word' id='word_1_482' title='bbox 246 4451 310 4499; x_wconf 85' lang='lat' dir='ltr'><strong>their</strong></span> <span class='ocrx_word' id='word_1_483' title='bbox 320 4453 375 4499; x_wconf 80' lang='lat' dir='ltr'><strong>civil</strong></span> <span class='ocrx_word' id='word_1_484' title='bbox 386 4454 485 4513; x_wconf 80' lang='lat' dir='ltr'><strong>virtues,</strong></span> <span class='ocrx_word' id='word_1_485' title='bbox 508 4454 549 4502; x_wconf 80' lang='lat' dir='ltr'><strong>Dc</strong></span> <span class='ocrx_word' id='word_1_486' title='bbox 560 4453 633 4503; x_wconf 83' lang='lat' dir='ltr'><strong>Cios&#39;t.</strong></span> <span class='ocrx_word' id='word_1_487' title='bbox 643 4452 703 4513; x_wconf 84' lang='lat' dir='ltr'><strong>Dei,</strong></span> <span class='ocrx_word' id='word_1_488' title='bbox 716 4450 770 4499; x_wconf 79' lang='lat' dir='ltr'><strong>Lib.</strong></span> <span class='ocrx_word' id='word_1_489' title='bbox 783 4464 807 4496; x_wconf 85' lang='lat' dir='ltr'><strong>v.</strong></span> <span class='ocrx_word' id='word_1_490' title='bbox 818 4461 840 4496; x_wconf 91' lang='lat' dir='ltr'><strong>c.</strong></span> <span class='ocrx_word' id='word_1_491' title='bbox 851 4448 889 4495; x_wconf 80' lang='lat'><strong>12.</strong></span> <span class='ocrx_word' id='word_1_492' title='bbox 913 4446 939 4495; x_wconf 76' lang='lat' dir='ltr'><strong>J.</strong></span> <span class='ocrx_word' id='word_1_493' title='bbox 950 4445 980 4494; x_wconf 86' lang='lat' dir='ltr'><strong>B.</strong></span> 
     </span>
    </p>
   </div>
   <div class='ocr_carea' id='block_1_11' title="bbox 1016 4530 1060 4597">
    <p class='ocr_par' dir='ltr' id='par_1_20' title="bbox 1016 4530 1060 4597">
     <span class='ocr_line' id='line_1_61' title="bbox 1016 4530 1060 4597; baseline -0.023 0"><span class='ocrx_word' id='word_1_494' title='bbox 1016 4530 1060 4597; x_wconf 78' lang='lat'><strong>22</strong></span> 
     </span>
    </p>
   </div>
   <div class='ocr_carea' id='block_1_12' title="bbox 154 4584 340 4677">
    <p class='ocr_par' dir='ltr' id='par_1_21' title="bbox 154 4584 340 4677">
     <span class='ocr_line' id='line_1_62' title="bbox 154 4584 340 4677; baseline -0.005 0"><span class='ocrx_word' id='word_1_495' title='bbox 154 4584 340 4677; x_wconf 84' lang='grc' dir='ltr'><strong>[οοοοο]</strong></span> 
     </span>
    </p>
   </div>
   <div class='ocr_carea' id='block_1_13' title="bbox 0 0 1418 4920">
    <p class='ocr_par' dir='ltr' id='par_1_22' title="bbox 0 0 1418 4920">
     <span class='ocr_line' id='line_1_63' title="bbox 0 0 1418 4920; baseline 0 6"><span class='ocrx_word' id='word_1_496' title='bbox 0 0 1418 4920; x_wconf 95' lang='lat' dir='ltr'><strong> </strong></span> 
     </span>
    </p>
   </div>
  </div>
 </body>
</html>
