2828 4920
67 240 141 299 cm».
155 235 238 312 xrs]
518 241 571 297 uu
594 242 733 298 rursus.
1122 239 1185 300 ιιι

67 412 167 476 οἶὶιιιι
184 410 419 496 quidsuratns
435 421 491 487 est,
512 433 578 496 pro
595 433 630 477 eo
647 413 708 476 ιιιιι
722 434 848 497 penos.
901 410 989 477 Idem
1007 409 1180 498 posterius:
1197 441 1316 492 suess

71 506 351 598 συναλλάγματα
369 508 399 576 oi
417 511 554 578 παλαιοὶ
571 506 714 595 ε’κᾶλουν
732 508 768 578 oi
783 507 882 591 μόνον
904 505 926 580 d
943 507 1074 583 ἑκόντες
1092 542 1184 582 συνε-

69 613 208 680 τίθεντο
233 607 316 700 πρὸς
333 605 503 689 ἀλλήλους
524 611 640 688 ποιεῖν,
668 607 827 678 ἀλλὰκαὶ
846 609 892 679 τοὶ
910 609 974 680 sind
997 616 1064 681 τῶν
1083 610 1184 694 νόμων

68 704 320 803 διηγορευμένα·
342 723 528 777 contractus
545 735 569 776 a
581 713 741 777 ueteribus
758 713 1012 798 appretiabantur
1029 737 1093 780 non
1111 726 1184 780 ten·

70 822 141 876 ιιιιη
156 834 228 897 qnoe
245 813 368 878 mutuis
384 813 645 879 conventionibus
663 824 822 889 constant,
845 815 901 879 sed
919 825 948 878 et
970 836 1042 900 quse
1060 815 1183 900 lepidus

65 913 276 980 snntoetita.

143 1011 205 1077 111.
249 1014 269 1077 1
300 1010 364 1078 Sed
380 1008 473 1099 hujus
483 1010 565 1099 juris
581 1012 764 1099 subjeetum,
782 1011 889 1090 idest,
909 1012 1022 1100 cuijus
1038 1013 1183 1090 debetur,

68 1121 291 1202 permaturum
308 1111 408 1200 ipsam
424 1111 666 1178 determinatum
681 1136 744 1179 uon
768 1121 824 1178 est.
876 1114 985 1181 Dictat
1002 1113 1084 1181 enim
1100 1112 1182 1180 ratio

68 1213 255 1280 maleficium
279 1234 369 1300 posse
389 1210 502 1300 puniri,
528 1233 591 1277 nou
612 1223 718 1279 autem
740 1213 809 1300 quis
832 1214 943 1301 punire
968 1215 1101 1280 debeat:
1124 1212 1184 1279 nisi

69 1315 156 1402 quod
173 1313 249 1379 satis
263 1312 381 1380 indicat
397 1320 512 1378 natura
534 1312 854 1379 convenientissimum
879 1335 946 1380 esse
962 1323 999 1381 ut
1015 1314 1048 1380 id
1064 1313 1120 1380 fiat
1140 1313 1183 1379 ab

70 1436 110 1480 eo
126 1413 181 1502 qui
197 1412 339 1501 superior
351 1421 418 1479 est:
438 1434 501 1478 uon
515 1421 621 1478 tamen
638 1423 671 1480 et
688 1413 811 1479 omnino
829 1413 888 1480 hoc
905 1414 1098 1481 demonstret
1115 1434 1183 1479 esse

70 1513 290 1590 necessarium,
316 1513 376 1579 nisi
393 1535 456 1579 vox
476 1512 647 1600 superioris
670 1536 708 1580 eo
731 1522 873 1579 sumatur
892 1535 994 1590 sensu,
1018 1522 1053 1579 ut
1077 1513 1105 1579 is
1128 1511 1183 1600 qui

70 1614 154 1679 mule
175 1613 244 1702 egit
263 1635 300 1680 eo
316 1613 385 1701 ipso
410 1635 444 1678 se
466 1613 656 1700 quovis-alio
677 1613 857 1679 interiorem
879 1621 1043 1679 censeatur
1063 1612 1182 1691 iecisse,

70 1721 106 1779 et
128 1713 218 1801 quasi
240 1735 281 1779 ox
302 1712 462 1779 hominum
484 1735 579 1778 censu
602 1713 771 1780 detrusisse
792 1705 840 1777 sin
859 1735 986 1778 censum
1012 1712 1183 1778 bestiarum

70 1834 144 1901 quae
160 1811 276 1878 homini
294 1811 465 1899 subjacent,
491 1801 576 1899 quod
593 1835 613 1878 a
629 1812 784 1902 theologis
805 1811 990 1898 quibusdam
1013 1821 1061 1880 est
1077 1811 1183 1899 prodi·
1196 1829 1270 1870 non
1280 1829 1326 1874 sn

1196 1882 1267 1926 quest.
1278 1878 1309 1916 6⁴.

70 1921 150 1980 tum.
197 1912 419 1980 Democritus:
446 1913 547 2007 φύσει
568 1908 617 1981 v‘rei
644 1907 763 2007 ἄρχειν
786 1907 907 1994 οἰκήιον
933 1916 982 2002 τῷ
1007 1914 1182 2006 κρείσσονι,
1196 1923 1329 2016 fflffltt

69 2074 135 2121 ittud
143 2074 216 2122 debiti
224 2078 304 2122 sonet.
318 2073 375 2121 Hoc
384 2073 445 2120 enim
454 2071 526 2119 etiem
535 2073 604 2119 modo
655 2072 769 2121 Auctoris
789 2071 873 2128 nostri,
884 2073 934 2132 qni,
950 2072 1008 2117 dum
1023 2052 1124 2132 exponit
1137 2086 1185 2119 ινα
1197 2014 1326 2105 wippone

69 2150 122 2196 dici
127 2151 214 2210 potuit,
225 2149 290 2211 quod
299 2150 387 2196 dietum
395 2154 445 2195 εειι
460 2148 483 2194 si
490 2161 536 2194 non
550 2148 605 2193 red·
652 2148 778 2203 voluntate,
793 2147 921 2194 manifesto
931 2148 1045 2205 ostendit,
1058 2147 1186 2208 selegisse

70 2226 108 2271 dit
110 2225 228 2286 faciendo
238 2224 303 2285 quod
311 2224 385 2279 debet,
396 2221 477 2268 reddet
489 2221 604 2280 patiendo
652 2238 701 2270 ειιο
720 2229 810 2270 eunte:
837 2237 983 2284 quamquem
1002 2224 1055 2284 ipss
1079 2230 1186 2270 emtum

69 2300 136 2361 qnod
150 2300 223 2346 debet.
240 2299 315 2360 (Cup.
328 2300 364 2345 15.
380 2296 444 2358 §44-
460 2296 510 2343 Bu.
527 2297 604 2342 Bene·
653 2313 702 2345 non
712 2298 916 2354 animaduerterit,
925 2300 997 2345 etiam
1005 2313 1080 2359 quum
1090 2299 1115 2345 in
1126 2298 1186 2345 Edi·

70 2375 169 2436 distin.)
653 2375 720 2421 tione
729 2388 785 2421 nnn.
797 2374 869 2422 1632:
886 2374 986 2420 adderet
996 2388 1066 2420 uoces
1081 2387 1186 2435 sequeu-

116 2461 128 2487 e
142 2452 198 2513 lpse
208 2457 231 2499 ιι
238 2451 294 2499 hnic
299 2465 376 2512 poenoe
381 2448 521 2510 subdidisti]
533 2449 605 2496 Philo
654 2448 750 2507 tesjam
760 2455 819 2506 ιιιιιι,
829 2463 884 2510 quse
893 2450 918 2495 in
929 2450 1008 2510 primu
1017 2449 1132 2496 Editions
1142 2449 1186 2497 ds-

69 2529 120 2576 fine
137 2529 193 2575 libri
211 2528 284 2589 primi
299 2527 328 2573 de
348 2526 405 2574 Vita
419 2526 516 2582 Μοιίες
532 2524 605 2573 οὑτοι
653 2531 719 2573 suut.
749 2525 820 2573 Mi.

70 2603 123 2664 γάρ
134 2622 176 2650 τοι
188 2603 339 2650 σπεύδοντες
348 2601 510 2662 α’μαρτάνειν,
526 2601 605 2648 σπεῦ-
699 2599 793 2661 Ἀραά
804 2601 925 2648 Tectum(
937 2601 1068 2663 legendum
1078 2601 1185 2661 omnino,

70 2681 130 2726 dm
150 2680 191 2726 xci
207 2679 271 2737 πρὸς
286 2679 421 2737 τιμωρίαι·
435 2692 535 2737 peccare
550 2678 605 2723 dum
654 2682 683 2724 ut
703 2676 778 2723 edidit
794 2677 944 2730 chourus:
970 2677 1145 2738 statuiturque,
1160 2682 1187 2725 ut

63 2755 199 2816 sentiatis,
209 2754 244 2800 cd
254 2768 338 2814 poenuc
344 2753 463 2814 ferendas
470 2753 604 2813 festinatis.
654 2753 740 2812 iqnuro
755 2751 848 2797 domino
858 2753 893 2797 ud
903 2752 930 2798 id
936 2753 1062 2813 prolapsa,
1072 2753 1098 2799 in
1111 2752 1187 2800 serui·

72 2831 149 2892 (Peg.
160 2828 257 2889 6521).)
506 2885 509 2892 .
653 2832 701 2872 tute
711 2843 719 2872 .·
735 2827 773 2872 sin
783 2827 940 2883 consensisset,
951 2842 1000 2887 pro
1015 2828 1102 2875 liberta
1114 2828 1187 2875 tuce·

118 2904 130 2933 ⁹
145 2905 174 2950 ln
191 2903 303 2950 omuibus
318 2903 471 2949 Editiouibus
485 2906 538 2948 erat
553 2901 605 2948 heic
654 2909 727 2950 retur.
749 2903 812 2950 Vide
823 2903 857 2950 ihi
867 2904 892 2952 J.
902 2904 1186 2954 FuGsouonNotsm.

71 2997 115 3030 suo
131 2981 231 3028 nerito.-
247 2980 290 3026 sed
306 2984 391 3026 contre
407 2978 535 3024 lectionem
553 2991 606 3023 om·
655 2978 694 3024 Sic
704 2979 771 3024 loeus
780 2979 815 3024 nil
825 2979 915 3025 adrem
925 2979 991 3026 tecit.
1021 2979 1095 3027 J.B.

72 3059 140 3105 nium
151 3056 259 3117 eorporis
269 3053 287 3101 J
289 3056 338 3100 uris
349 3053 475 3110 Codicum,
484 3065 545 3111 quos
552 3051 605 3111 qui·
700 3051 709 3087 t
721 3053 752 3099 In
762 3067 854 3100 censum
863 3051 1003 3112 bestiarum]
1021 3053 1061 3102 Sic
1071 3058 1097 3101 st
1106 3054 1188 3102 Moses

73 3135 129 3181 dem
141 3132 252 3188 viderim,
267 3135 293 3178 et
307 3133 397 3191 prester
411 3132 517 3174 mentem
533 3126 605 3172 etium
655 3125 815 3172 hioimonides
824 3126 938 3174 uchut.
949 3127 1033 3177 xxxiii.

74 3357 106 3406 ιο
117 3348 171 3404 her
182 3365 245 3402 own
256 3348 374 3419 slavery,
382 3347 502 3403 because
514 3346 577 3401 that
590 3364 644 3400 nus
654 3346 892 3418 thepunishment
903 3347 950 3401 for
961 3345 1030 3401 such
1039 3349 1186 3418 persons*.

131 3441 148 3488 4
169 3435 294 3489 Michuel
308 3433 448 3504 Ephesius
463 3451 500 3488 on
515 3433 649 3487 Aristotle
662 3433 814 3488 illustratos
829 3432 894 3487 this.

129 3521 184 3578 III.
229 3527 243 3574 1
268 3519 310 3574 uf
328 3519 398 3574 such
416 3518 607 3591 punishment,
629 3519 678 3574 the
700 3519 817 3587 subject,
837 3518 900 3573 that
922 3517 954 3581 is,
972 3516 1022 3573 the
1040 3535 1143 3589 person
1161 3528 1188 3574 ιο

76 3609 165 3662 whom
182 3608 205 3662 it
219 3609 243 3661 is
258 3606 323 3672 due,
342 3608 365 3661 is
384 3613 436 3660 not
453 3606 628 3660 determined
644 3605 682 3676 by
696 3613 798 3660 nature
812 3604 897 3659 itself.
943 3604 1054 3659 Nature
1068 3606 1188 3660 dietutes

76 3695 141 3750 that
164 3693 307 3764 crildoing
332 3710 398 3764 may
420 3692 456 3746 bo
480 3692 629 3762 punished,
651 3691 704 3747 but
730 3698 782 3746 not
805 3691 867 3744 who
897 3689 986 3760 ought
1012 3698 1043 3746 to
1065 3691 1186 3763 punishs

77 3789 180 3853 except
201 3781 266 3836 that
284 3787 387 3834 nature
404 3778 572 3849 sufficicntly
590 3778 726 3832 indicates
742 3777 804 3832 that
819 3778 842 3831 it
856 3777 879 3830 is
895 3783 968 3830 most
983 3777 1105 3832 suitable
1124 3776 1188 3832 thet
1273 3768 1276 3772 Δ

77 3869 102 3923 ἰι
115 3868 152 3923 be
172 3867 247 3923 done
261 3866 300 3937 by
315 3881 370 3920 one
385 3864 448 3920 who
468 3866 491 3919 is
513 3865 656 3936 superior:
677 3871 725 3934 pet
739 3871 790 3918 not
807 3865 836 3916 in
853 3863 921 3917 such
937 3879 998 3933 way
1015 3879 1046 3916 ss
1066 3870 1097 3917 ιο
1112 3862 1188 3918 shen

76 3953 142 4009 that
153 3953 210 4008 this
222 3955 245 4007 is
257 3969 422 4024 necessum
441 3957 540 4022 except
553 3950 602 4004 tho
614 3950 690 4004 nord
701 3953 825 4020 snper-ior
838 3949 875 4004 bo
887 3949 973 4004 taken
985 3948 1015 4002 in
1027 3947 1083 4002 this
1098 3965 1188 4014 sense,

76 4039 141 4095 thot
164 4039 201 4093 ho
221 4039 283 4093 who
299 4038 349 4092 has
371 4039 446 4093 done
467 4054 562 4108 wrong
586 4036 645 4099 has,
668 4036 706 4106 hy
721 4037 783 4091 that
800 4054 868 4107 very
886 4037 952 4100 fact,
971 4034 1054 4089 mnde
1074 4034 1192 4091 himself

77 4125 196 4180 interior
210 4131 240 4179 to
256 4141 312 4195 any
323 4124 415 4189 other,
430 4124 486 4177 end
506 4123 556 4177 has
571 4122 665 4177 thrust
680 4122 796 4177 himself
812 4131 862 4177 out
877 4122 910 4176 ot
925 4122 975 4176 the
987 4121 1058 4176 class
1073 4121 1107 4175 ot
1121 4138 1188 4176 rnen

76 4212 139 4267 into
154 4211 217 4266 that
232 4211 266 4265 of
277 4210 326 4265 tho
338 4212 457 4267 inferior
468 4210 574 4275 brutos,
585 4227 616 4264 us
628 4225 707 4264 some
718 4209 895 4280 theologicus
911 4207 987 4263 held.
1016 4207 1071 4262 See
1082 4208 1188 4266 Demo·

77 4298 174 4363 cuitus,
188 4297 333 4353 Aristotle.

122 4404 137 4430 ⁸
152 4404 232 4452 Tacit.
243 4405 331 4452 Annei.
346 4419 396 4454 ιιι.
407 4408 446 4457 53.
477 4407 531 4456 'l'hs
541 4419 652 4470 paesegc,
659 4404 750 4466 rightly
761 4403 828 4462 used,
839 4403 859 4450 is
870 4403 976 4466 nothing
984 4408 1011 4452 ιο
1022 4404 1064 4454 the
1075 4419 1191 4468 purpose,

76 4494 104 4527 cs
114 4479 251 4540 Bsrhcyrsc
260 4481 377 4527 mmsrhs.
