2828 4920
42 234 124 293 Car.
139 234 222 304 XX]
503 239 557 295 DE
579 241 719 298 POENIS.
1107 231 1172 298 333

10 432 18 499 y
44 426 125 472 enm
148 406 253 496 legem
275 405 431 473 haberent
453 428 525 495 quas
550 408 708 497 suppliciis
732 408 826 495 hujus
855 408 929 476 vitan
959 407 1171 488 sanciebatur,

11 535 19 601 y
45 526 214 593 nunquam
233 516 340 573 tamen
364 506 465 595 pocnis
487 507 696 576 subdiderunt
714 509 903 575 Sadducaeos
920 509 973 596 qui
989 508 1173 597 rejiciebant

10 637 16 680 ι
48 604 173 695 dogma
188 607 437 685 resurrectionis,
461 608 656 673 verissimum
681 608 816 696 quidem,
837 609 942 675 sedin
963 631 1002 675 ea
1019 610 1090 700 lege
1109 630 1174 675 non

10 740 18 784 ι
48 705 116 772 nisi
133 706 264 772 obscure
281 717 314 773 et
330 708 389 774 sub
406 707 575 774 uerborum
593 717 649 774 aut
664 731 771 774 rerum
789 709 955 775 involucris
972 709 1132 776 traditum.

10 843 20 886 Ι
134 807 155 870 2
191 805 277 885 Quid
293 806 320 872 si
338 828 414 873 uero
430 807 558 896 gravior
574 807 615 874 sit
629 830 729 885 error,
747 818 781 874 et
798 809 851 896 qui
868 807 954 896 apud
971 830 1077 895 aequos
1087 807 1173 895 judi·

51 927 108 972 ces
124 904 216 972 facile
231 906 328 994 possit
341 928 431 972 sacra
443 905 622 985 autoritate,
640 918 697 973 aut
709 917 850 974 veterum
863 930 1013 974 consensu
1030 907 1173 975 revinci?

12 1046 20 1090 Ι
53 1003 258 1096 cogitandum
284 1005 336 1072 hic
364 1028 488 1094 quoque
513 1015 632 1094 quanta
658 1006 699 1074 sit
727 1007 775 1074 vis
801 1007 918 1075 inclitae
937 1006 1110 1095 opinionis,
1139 1014 1173 1073 et

10 1126 21 1191 y
53 1114 209 1194 quantum
234 1105 413 1173 libertatem
435 1106 546 1193 judicii
571 1107 690 1174 minuat
711 1107 745 1173 in
771 1130 858 1173 suam
884 1107 1033 1195 cujusque
1055 1115 1173 1173 sectam

10 1249 22 1292 ι
53 1205 206 1285 studium,
231 1207 357 1284 malum,
384 1214 420 1272 ut
448 1206 661 1273 Galenust
616 1207 670 1283 ait,
698 1207 807 1294 quavis
832 1208 935 1273 scabie
960 1205 1209 1272 insanabilius.
1163 1224 1338 1321 ·};{*,J,“‘”⁰‘

10 1327 23 1393 h
55 1305 211 1394 Apposlte
227 1306 268 1373 ad
285 1307 367 1372 hanc
385 1328 453 1371 rem
472 1306 645 1395 Origenes:
666 1302 913 1400 εὑχερέστερόν
931 1335 977 1399 γε
999 1299 1170 1400 ανθρωπος
1185 1319 1327 1416 memb

11 1451 25 1518 p
55 1403 122 1476 τᾶς
144 1404 223 1499 περὶ
247 1399 342 1475 ἄλλα
363 1402 605 1488 συνηθείας,
564 1436 625 1494 νᾳν
647 1399 1000 1480 δυσαποσπάστως
961 1404 1071 1475 αντῶν
1097 1401 1172 1504 ἔχη,

10 1531 25 1597 p
57 1501 308 1596 καταλείψοι
288 1536 337 1584 αν,
363 1499 381 1584 ἦ
405 1506 465 1579 τας
488 1505 566 1596 περὶ
584 1533 630 1574 τα
620 1499 816 1596 δόγματα
830 1509 978 1593 facilius
1001 1507 1174 1592 quitatio

10 1633 27 1697 p
54 1607 124 1674 sibi
144 1619 300 1673 consucta
322 1619 430 1682 exuat,
452 1609 663 1692 quarctumvis
688 1609 759 1674 illis
780 1609 897 1691 affixus
916 1609 971 1682 cst,
994 1597 1109 1693 ‘quam
1133 1626 1174 1671 ea

10 1732 26 1798 p
54 1728 130 1794 σοον
147 1707 337 1793 dopmctum
353 1717 438 1771 auct.
489 1705 583 1771 Adde
605 1706 689 1792 quod
706 1717 824 1792 quauta
841 1707 909 1770 hac
929 1705 970 1771 sit
986 1705 1079 1793 culpa
1097 1725 1174 1792 pen-

10 1844 25 1899 „
53 1806 171 1872 detes
188 1803 280 1870 modo
305 1803 538 1870 illuminationis
555 1813 588 1871 et
603 1804 672 1871 aliis
696 1805 793 1871 animi
807 1803 1069 1892 dispositionibus,
1095 1825 1175 1892 quas

10 1932 22 1999 p
51 1903 235 1973 hominibus
251 1925 439 1993 pernoscere
456 1925 519 1970 non
536 1913 585 1971 est
601 1905 720 1972 datum.

50 2095 208 2153 vexandums
230 2097 256 2143 st
274 2099 419 2156 argumams
435 2108 528 2153 sorum,
549 2095 592 2156 qut
641 2094 669 2142 J.
679 2093 713 2144 B.

49 2173 160 2220 aliorum
169 2172 304 2219 intellectui
313 2172 394 2232 legem
408 2172 488 2219 dicere
498 2171 591 2231 solunt,
687 2170 695 2206 ¹
711 2171 790 2232 Quam
800 2184 829 2218 ers
838 2183 892 2231 quae
904 2169 1039 2231 docmatum
1048 2170 1113 2233 aaut]
1129 2171 1175 2220 Se·'

49 2253 81 2296 et
91 2248 118 2294 in
128 2247 222 2293 animos
232 2246 359 2304 dominari,
373 2247 409 2294 its
419 2248 551 2304 confutata,
563 2253 592 2293 ut
643 2247 726 2307 quitur
742 2246 788 2293 hoc
803 2246 989 2307 chrysostomus
1007 2247 1033 2292 in
1050 2262 1067 2295 ι.
1079 2247 1137 2296 Cor.
1146 2247 1183 2297 ii.-

49 2324 176 2370 dissensui
192 2323 275 2369 nullus
289 2323 394 2382 amplius
409 2322 477 2369 loeus
494 2323 591 2369 futurus
643 2321 707 2369 ὅταν
719 2323 744 2369 δὲ
756 2321 797 2369 xcl
809 2323 835 2369 ἐν
849 2322 976 2381 δόγμασιν
990 2323 1003 2378 ol
1017 2323 1133 2379 surridens
1148 2321 1177 2384 si,

50 2403 130 2454 esset,
146 2399 166 2444 si
176 2398 284 2445 veritatis
294 2398 409 2455 studium,
424 2397 550 2453 modestia,
565 2400 592 2442 et
642 2397 797 2456 βεβαιοτέρα
815 2397 924 2458 γίνεται.
950 2397 1038 2444 πάντα
1063 2398 1113 2459 γάρ
1132 2417 1175 2448 τις

51 2473 171 2529 charitas,
181 2472 206 2518 in
216 2473 309 2518 animos
319 2472 459 2518 vexantium
467 2471 591 2518 tantillum
642 2472 815 2532 εὐκολώτερον
829 2472 958 2533 ἀμείψεις,
976 2471 993 2528 sl
1006 2472 1041 2520 aa*
1056 2474 1116 2534 περὶ
1126 2474 1176 2524 rn'c

51 2547 155 2596 udmittt
171 2552 278 2608 possent.
315 2546 392 2593 Nobis
409 2559 514 2607 qnoque,
534 2549 593 2606 poss
643 2547 784 2610 θρησκείας·
799 2549 905 2595 abicere
920 2549 1060 2596 consuetudo
1075 2550 1101 2596 in
1114 2551 1175 2614 deq.
1228 2591 1237 2617 ·.

50 2623 161 2684 primam
173 2622 319 2668 Notularum
332 2622 433 2669 istarum
445 2621 590 2680 Editiouem,
642 2628 709 2669 marn
730 2623 849 2682 inciderit,
874 2623 946 2669 mullo
967 2624 1000 2670 εἰν
1024 2623 1175 2674 immobilior.

51 2698 153 2746 occasio
163 2704 222 2745 nats
231 2703 269 2745 est
280 2704 451 2760 argumentum
464 2697 525 2743 illud
537 2698 591 2743 inse
642 2697 716 2744 Ns'lrs'l
729 2699 789 2744 enim
805 2703 838 2745 eat
852 2698 917 2759 quod
929 2713 976 2745 non
984 2699 1092 2758 facilius
1106 2698 1174 2746 Ιιονιο

51 2773 193 2821 sstismors
201 2773 322 2834 modoque
332 2772 592 2832 nostraperscqneudi,
642 2776 720 2830 mutet,
746 2787 818 2833 quam
841 2788 870 2820 ca
889 2787 943 2834 quoe
962 2774 1088 2835 rcls'qioals
1111 2778 1175 2826 caat.

52 2851 82 2896 in
100 2848 176 2896 Libro
193 2849 289 2896 Gallico
304 2847 345 2896 Dc
359 2846 482 2894 Doctrina
494 2846 592 2893 Morals'
642 2847 908 2910 <Tcm.v1.pag.280.
922 2848 1098 2909 Edicsma.)
1166 2889 1174 2912 ,
1214 2892 1222 2911 ,

51 2925 164 2974 Patruus
173 2923 298 2982 Ecclesiae,
313 2937 366 2984 cap.
377 2925 414 2970 12.
432 2921 480 2982 59.
494 2926 590 2982 etseqq.
649 2971 651 2977 ,

53 3179 164 3252 always
179 3177 348 3252 cxpounded
364 3179 404 3251 by
418 3177 469 3233 thc
483 3177 597 3232 ancient
615 3174 771 3232 Christiane
785 3178 817 3231 in
830 3177 881 3231 the
898 3192 976 3232 same
993 3193 1064 3249 way.
1108 3174 1176 3232 sno

54 3267 118 3323 this
133 3283 253 3338 appears
268 3265 339 3320 both
353 3265 392 3336 by
406 3264 482 3318 what
494 3280 536 3318 we
553 3262 625 3317 have
640 3263 710 3326 said,
724 3262 781 3316 and
799 3262 901 3334 hythe
916 3263 1030 3317 ancient
1045 3264 1175 3335 example

55 3352 153 3409 ottho
163 3353 247 3407 Jews.
285 3352 343 3405 For
354 3351 432 3422 they,
444 3348 553 3419 though
568 3348 635 3420 they
649 3348 707 3402 had
721 3366 739 3404 a
754 3349 807 3403 law
827 3347 919 3402 which
937 3365 992 3403 was
1009 3349 1176 3404 sanctioned

56 3437 160 3512 bytho
173 3437 370 3510 punishmeuts
385 3437 419 3492 of
431 3436 487 3492 thia
499 3436 558 3500 life,
573 3451 660 3490 never
673 3435 789 3507 penully
803 3434 923 3489 assuilcd
941 3434 990 3489 tho
1005 3434 1176 3502 Sadducecs,

56 3525 126 3579 who
141 3525 264 3596 rejected
280 3523 330 3579 the
345 3524 473 3579 doctrine
488 3522 522 3577 of
536 3521 585 3577 the
600 3524 804 3586 resurrectiou3
826 3538 844 3575 a
861 3520 990 3575 doctriua
1006 3526 1082 3576 most
1101 3527 1175 3588 true,

57 3613 115 3669 but
127 3618 179 3667 not
191 3610 335 3666 delivered
347 3612 377 3664 in
389 3609 439 3665 the
454 3609 502 3664 old
517 3609 578 3674 law,
590 3615 691 3680 except
705 3607 854 3679 obscurcly
866 3606 922 3661 and
937 3607 967 3660 in
981 3606 1095 3679 images.

122 3705 139 3753 2
160 3697 219 3754 But
232 3698 308 3752 what
322 3714 372 3754 aro
389 3713 432 3752 ue
455 3704 484 3750 to
502 3713 560 3759 say,
579 3695 604 3748 if
622 3694 672 3749 the
690 3710 768 3749 error
785 3694 822 3748 bc
837 3710 916 3748 more
934 3710 1027 3764 granc,
1044 3694 1101 3750 and
1119 3710 1175 3750 one

59 3734 1069 3858 whicffiffy‘cffily‘llffefflbe'ffic‘an‘impart‘ialtribunasby
1075 3781 1175 3836 sacred

61 3872 218 3943 authority,
229 3888 263 3926 or
277 3871 327 3926 the
341 3876 459 3925 consent
471 3867 504 3922 of
513 3866 562 3921 tho
576 3865 723 3920 ancients?
755 3866 832 3922 llere
844 3866 903 3920 also
917 3882 959 3920 wc
974 3882 1023 3921 aro
1034 3873 1065 3920 to
1077 3865 1176 3922 reflcct

61 3958 128 4012 how
149 3959 259 4028 great
251 3975 276 4012 rs
297 3957 347 4013 the
367 3956 445 4011 force
466 3954 500 4009 of
516 3955 674 4007 inveterato
700 3952 838 4023 opinions,
859 3952 915 4007 und
937 3952 1000 4006 how
1021 3952 1106 4007 much
1125 3951 1176 4008 the

62 4049 160 4117 party·
147 4044 266 4114 -sccling
278 4043 312 4098 of
321 4043 392 4098 each
403 4043 482 4096 sect'
474 4039 589 4110 smpairs
604 4038 679 4092 their
689 4038 760 4109 judg
762 4045 855 4103 ment;
878 4057 895 4092 a
910 4038 1027 4100 diseasc,
1039 4055 1069 4092 as
1083 4038 1176 4094 Galen

62 4147 136 4202 says,
150 4145 238 4185 worse
250 4129 320 4184 than
334 4128 384 4184 tho
398 4127 467 4183 itch.
515 4128 553 4180 So
569 4125 683 4196 Origcn.
722 4124 786 4179 Add
802 4124 864 4180 that
877 4125 926 4180 the
940 4132 1058 4182 amount
1069 4124 1104 4178 of
1118 4123 1176 4180 this

62 4215 277 4288 faultdepcnda
295 4231 374 4288 upon
396 4213 446 4269 thc
468 4229 586 4268 manner
607 4211 637 4265 in
663 4211 754 4265 which
775 4228 793 4265 n
814 4212 962 4283 pcrsonis
984 4210 1176 4282 culightcncd,

62 4302 122 4359 and
139 4303 223 4359 other
237 4302 417 4376 dispositions
432 4301 465 4358 ot
480 4300 529 4356 the
547 4298 634 4367 mind,
651 4296 742 4354 which
757 4298 780 4354 it
799 4296 823 4353 is
843 4304 894 4353 not
915 4297 999 4370 giren
1017 4303 1048 4352 to
1063 4313 1129 4353 mnn
1143 4303 1177 4385 te

61 4389 155 4446 know.
