2828 4920
68 265 142 320 Cer.
156 258 255 331 xxi]
294 261 348 316 Du
371 259 578 317 POENARUM
602 261 969 320 coorstuntct'monn.
1125 253 1190 319 363

72 427 156 493 sium
174 426 321 515 querelas
336 426 377 493 de
391 425 515 493 damnis
529 425 623 492 illatis
640 429 810 516 respondit,
828 428 898 517 plus
916 427 992 494 meli
1010 426 1131 494 Siculos
1147 427 1189 495 ab

71 529 184 618 Ulyxe
210 527 283 595 olim
306 527 482 616 pertulisse.
535 528 579 593 Et
603 528 792 596 Plutarchus
813 531 894 597 libro
917 538 1029 596 contra
1043 528 1189 595 Herodo-

72 638 151 710 tum,
171 628 299 695 minime
323 627 370 694 ait
389 649 465 694 vero
492 650 559 694 osse
582 628 691 707 simile,
717 630 898 697 Corinthios
922 630 1029 697 ulcisci
1053 629 1189 698 voluisse
1202 650 1305 702 emma

72 739 235 818 acceptam
259 751 281 796 a
309 727 423 795 Samiis
446 728 592 816 injuriam
620 727 710 809 μετὰ
737 727 988 824 τρεῖςψγενεᾶς,
1014 743 1093 818 poet
1123 746 1190 800 tres

73 833 242 898 leontinum
263 842 386 898 estates.
434 830 503 895 Nec
525 830 668 917 procedit
690 830 783 917 hujus
806 839 840 899 ct
862 831 1007 898 similium
1032 831 1189 899 factorum

72 930 224 1010 defensio,
242 952 337 1019 quam
358 930 444 1020 apud
461 930 664 997 Plutarchum
687 931 795 1022 legero
806 942 864 999 >est
880 936 934 1001 De
950 956 1027 1001 sero
1042 935 1190 1002 numitoris

71 1035 235 1100 virodicto.
280 1031 376 1098 Aliud
399 1031 482 1097 enim
508 1040 557 1098 ost
576 1031 631 1119 jus
652 1030 723 1111 Dei,
744 1033 831 1098 aliud
856 1033 1026 1111 hominum,
1054 1043 1092 1100 ut
1114 1057 1189 1101 mox

71 1133 216 1221 apertius
247 1133 311 1199 fiet
359 1133 473 1219 Neque
507 1132 533 1198 si
568 1154 693 1219 aequum
732 1142 780 1199 est
813 1141 956 1220 posteros
989 1135 1126 1201 honores
1154 1143 1189 1203 et

71 1233 207 1322 praemia
231 1233 373 1322 accipere
396 1233 436 1300 ob
462 1232 575 1299 merita
597 1233 760 1319 majorum,
786 1232 858 1299 ideo
881 1243 916 1301 et
938 1233 1044 1322 puniri
1068 1256 1123 1300 eos
1146 1234 1188 1302 ob

72 1356 185 1400 eornm
208 1343 337 1422 peecata
358 1356 483 1420 aequum
508 1343 565 1399 est.
617 1333 766 1399 Beneficii
788 1333 871 1400 enim
888 1334 961 1401 telis
978 1342 1027 1402 est
1042 1333 1187 1417 materia,

72 1435 160 1501 utin
179 1434 320 1522 quemvis
337 1434 474 1500 conferri
491 1433 557 1498 sine
574 1431 689 1519 injuria
705 1434 822 1522 possit3
848 1457 950 1524 poenae
966 1457 1030 1501 non
1045 1433 1131 1501 item.

152 1536 212 1602 IX.
261 1534 409 1600 Diximus
426 1535 466 1600 de
484 1532 584 1598 modis
600 1555 659 1621 per
676 1555 755 1622 qnos
772 1535 977 1604 communitas
994 1557 1095 1624 poenoo
1109 1533 1189 1602 acei-

72 1632 189 1702 diter
215 1636 315 1722 cnlpae
343 1633 573 1700 communitate.
625 1635 740 1702 Restat
762 1645 938 1724 spectemus
962 1658 1004 1702 an
1029 1646 1072 1714 et,
1096 1636 1190 1724 culpa

72 1758 138 1800 non
156 1736 392 1816 communicata,
411 1733 657 1801 communicetur
674 1756 785 1823 poena:
811 1759 953 1824 quaeres
975 1746 1012 1803 nt
1033 1745 1121 1804 recte
1141 1736 1190 1802 in·

73 1835 249 1925 telligatur,
268 1845 300 1902 et
316 1858 366 1914 ne,
386 1857 458 1923 quae
475 1834 596 1922 reipsa
613 1835 738 1902 diverso
755 1846 837 1917 sunt,
855 1839 895 1905 ob
913 1860 1023 1907 vocum
1046 1836 1190 1905 similitu-

76 1936 185 2002 dinem
203 1937 444 2016 confundantur,
462 1936 619 2002 monenda
636 1947 709 2004 sunt
731 1938 886 2025 quadam.

154 2037 197 2103 Χ.
246 2039 267 2103 1
301 2036 453 2115 Primum,
470 2035 640 2104 aliudesse
657 2037 806 2106 damnum
823 2039 942 2107 directe
963 2038 1085 2118 datum,
1103 2037 1191 2106 alind

70 2220 172 2274 seram,
195 2215 242 2263 teli
261 2229 291 2262 ec
309 2229 385 2262 cauea
402 2219 500 2277 patum,
523 2228 570 2261 non
591 2229 610 2262 a
659 2217 773 2278 stantius)
788 2218 867 2265 obsita
881 2221 994 2265 vetroetme
1008 2217 1111 2265 crimina
1130 2217 1192 2265 serie

73 2291 170 2340 Groeeie
180 2291 206 2338 in
219 2290 345 2350 Tren'anos,
354 2305 401 2336 non
410 2305 428 2336 α
436 2289 609 2337 Macedonibus
654 2294 742 2353 poenis,
754 2295 825 2341 etiem
835 2294 861 2340 in
863 2294 934 2353 filios
944 2299 987 2340 ant
998 2298 1098 2354 nepotes,
1106 2305 1192 2353 peree-

70 2366 470 2427 inPereae,velpueroliqaeat.·
486 2365 610 2411 nonenim
659 2371 791 2430 probatum
812 2384 893 2416 rernm
909 2383 961 2416 enen
977 2368 1101 2429 impetebat
1121 2366 1150 2429 (l.
1169 2381 1192 2417 e.
1258 2414 1260 2417 ,
1351 2383 1354 2386 ⁴

70 2442 113 2491 iiii
122 2443 201 2490 obsita
213 2447 327 2490 netnetme
337 2442 439 2490 crimina
451 2443 513 2487 serie
523 2441 609 2500 penis,
659 2447 839 2507 Magnensium)
853 2447 896 2506 qui
905 2445 1011 2506 posteris
1022 2446 1128 2492 virorum
1137 2443 1193 2490 bene

70 2535 101 2568 ne
117 2521 143 2566 in
153 2525 247 2581 nepotes
256 2519 350 2580 quidem
366 2522 409 2564 aut
422 2517 517 2575 liberos,
527 2531 610 2576 perte·
658 2524 794 2569 meritorum
799 2522 930 2582 Imperium
937 2522 962 2567 ri
970 2521 1099 2582 cripuerat.
1121 2519 1193 2567 Unde

70 2595 214 2653 trebuetur,
228 2595 271 2642 κά
283 2593 340 2641 ilice
351 2592 498 2653 impetebant,
514 2592 557 2652 qui
572 2593 608 2638 τί·
658 2604 735 2659 potet,
744 2599 869 2645 bulianum
877 2597 945 2644 laudi
955 2597 1193 2645 tribucr000nstnn·

70 2685 156 2719 rorum
170 2670 226 2718 bene
239 2671 377 2717 meritorum
387 2669 493 2728 potierit
507 2668 555 2713 vim
569 2666 608 2712 ὒῑ·
658 2675 701 2731 tio,
717 2674 783 2734 qnod
794 2687 842 2719 non
854 2672 964 2720 imitatus
976 2672 1009 2719 sit
1018 2676 1111 2719 veteres
1124 2671 1194 2720 Grae·

63 2748 190 2810 serebant,
206 2761 282 2808 reqna
297 2745 476 2806 moroucbant·
515 2743 609 2806 [Locus
659 2763 708 2805 eos,
732 2752 776 2794 eut
801 2747 983 2794 Alexandrum:
1008 2747 1117 2808 adeoque
1141 2759 1193 2794 non

71 2829 119 2881 0⁸²2
144 2837 202 2884 Μ·
221 2823 252 2872 95
268 2835 296 2870 B·
313 2821 380 2868 Edit·
402 2818 508 2866 lllffiin‘s
529 2819 608 2878 Span-
658 2825 802 2872 nliambello
813 2826 1075 2874 AlexandrilnPersas
1082 2839 1192 2873 oensem

70 2899 160 2947 hemii:
172 2897 215 2945 sed
225 2896 368 2944 vertendum
379 2894 466 2941 eratin
477 2893 609 2954 posterior·
658 2901 805 2958 adtribuere
820 2901 863 2948 sed
875 2901 957 2963 potins
968 2902 1041 2949 nllnm
1056 2914 1107 2949 non
1116 2901 1193 2948 funes

69 2972 300 3025 ibnsrerbissNon
309 2972 372 3020 enim
381 2967 609 3031 ttbtscitieoccon·
659 2978 768 3026 munere.
796 2975 826 3026 J,
835 2975 882 3040 3,]

71 3207 178 3264 should
195 3208 269 3264 haro
288 3206 395 3264 wished
416 3212 447 3263 to
467 3221 575 3276 avonge
590 3220 628 3257 an
642 3202 736 3273 injury
753 3197 884 3254 received
906 3196 980 3251 from
994 3195 1044 3252 the
1060 3195 1190 3254 Samians

71 3296 150 3351 after
161 3295 243 3351 three
257 3296 448 3366 generations.
486 3292 585 3346 Neris
600 3289 649 3344 the
662 3288 778 3344 defense
790 3287 824 3342 of
832 3284 902 3340 such
913 3283 1191 3356 coses'sotisfactory‚

71 3381 167 3438 which
181 3381 295 3437 we'find
308 3382 338 3433 in
350 3378 487 3434 Plutarch
505 3377 550 3433 On
565 3378 605 3431 tlte
617 3375 921 3447 deloycdpum'sltments
935 3371 1017 3445 ostie
1025 3372 1101 3440 pods.
1133 3369 1193 3426 For

72 3468 125 3525 the
133 3469 237 3539 justice
248 3465 452 3522 administered
464 3465 503 3538 by
518 3464 583 3520 God
592 3464 616 3519 is
631 3480 686 3519 one
701 3462 792 3533 thing,
804 3460 867 3515 that
881 3459 920 3531 by
934 3474 1009 3522 men,
1018 3455 1148 3522 another,
1160 3472 1193 3513 ae

72 3573 118 3612 we
134 3555 207 3611 shall
222 3553 298 3610 show
310 3552 464 3609 hereattcr.
508 3552 572 3607 Nor
594 3551 678 3623 again
692 3566 746 3604 can
760 3565 802 3602 wo
816 3563 904 3618 arguo
918 3543 991 3608 that,
1004 3543 1127 3599 because
1141 3542 1191 3599 de·
1227 3565 1230 3567 ·

72 3642 227 3700 scendants
240 3640 353 3696 receive
362 3639 487 3694 honours
497 3639 553 3694 end
565 3637 687 3694 rewards
702 3636 747 3690 for
762 3634 811 3688 the
822 3632 906 3686 merit
917 3631 950 3685 ot
956 3630 1031 3686 their
1040 3636 1194 3697 ancestors,

72 3729 220 3787 therefore
232 3729 256 3785 it
268 3729 291 3783 is
302 3728 363 3799 just
375 3726 439 3782 that
454 3725 522 3797 they
536 3725 638 3780 should
650 3724 687 3778 be
699 3719 839 3794 punished
850 3718 895 3773 for
909 3718 983 3774 their
993 3719 1103 3775 crimes.
1134 3717 1194 3773 Fer

71 3817 196 3874 heneths
217 3833 267 3874 arc
286 3815 320 3872 oi
339 3814 410 3871 such
425 3821 535 3876 nature,
556 3811 596 3883 by
611 3809 686 3864 their
704 3815 817 3871 matter,
839 3804 903 3861 that
926 3804 995 3878 they
1009 3822 1076 3878 may
1088 3804 1126 3860 be
1140 3804 1192 3860 be-

72 3900 182 3962 stowed
197 3922 276 3977 upon
290 3920 347 3976 any
362 3900 481 3956 without
496 3893 875 3968 injnm',butpnnisl1ments
890 3909 939 3948 aro
953 3898 1013 3948 not.

131 3991 186 4047 lx.
224 3992 278 4045 We
293 3989 366 4043 haro
379 3987 487 4059 spoken
500 3984 533 4038 of
545 3983 594 4038 the
609 4000 683 4054 ways
698 3983 727 4034 in
743 3980 834 4035 which
850 3997 867 4034 a
882 3979 1082 4052 participatIon
1097 3977 1128 4030 in
1142 3973 1193 4032 the

73 4077 258 4150 punishment
272 4076 353 4131 takes
365 4075 446 4146 placo
458 4074 488 4126 in
500 4085 692 4142 consequence
705 4068 738 4122 oi
746 4084 764 4122 a
775 4067 975 4138 participation
987 4065 1018 4119 in
1030 4064 1079 4119 the
1093 4062 1192 4146 crime.

74 4164 104 4220 It
114 4164 238 4220 remains
252 4162 316 4218 that
330 4178 373 4216 wo
388 4160 518 4216 consider
527 4156 662 4224 whether,
675 4154 756 4208 when
769 4154 849 4208 there
862 4154 885 4207 is
900 4158 952 4205 not
963 4168 981 4205 a
993 4149 1195 4221 participatione

74 4250 104 4306 in
121 4250 171 4307 tho
184 4251 301 4314 offense,
323 4249 406 4303 thero
420 4265 485 4320 may
506 4247 543 4301 bo
557 4246 587 4299 in
606 4243 655 4300 tho
671 4239 870 4314 punishment3
893 4237 950 4291 and
972 4236 1049 4301 here,
1070 4237 1134 4293 that
1151 4252 1195 4293 wo

75 4354 143 4411 may
162 4345 213 4395 not
231 4338 268 4393 be
283 4335 385 4391 mislod
400 4335 439 4407 by
454 4335 503 4391 tho
524 4331 673 4402 similarity
693 4328 726 4384 of
743 4325 834 4381 words
855 4323 938 4380 when
957 4323 1008 4379 the
1027 4323 1123 4397 things
1144 4339 1195 4380 are

75 4425 217 4490 different,
232 4441 273 4479 wo
289 4430 365 4478 must
379 4422 463 4478 make
477 4439 496 4476 a
508 4421 571 4475 few·
580 4415 717 4474 remarks.

132 4512 171 4567 X.
211 4517 225 4567 l
249 4510 333 4576 First,
355 4509 419 4565 that
448 4525 466 4564 n
489 4509 608 4578 damage
631 4502 753 4575 direetly
775 4497 880 4556 caused
901 4498 925 4554 is
945 4514 1000 4554 one
1023 4495 1115 4571 thing,
1137 4495 1196 4553 and
