2828 4920
239 211 304 276 138
451 219 504 275 na
526 193 749 275 rnnmunbs
771 213 820 272 ao
843 213 1139 271 sroasron'rnus.
1226 209 1301 280 [nn.
1313 212 1356 268 11.

238 381 417 452 hominibus
430 405 592 451 commune
607 389 665 463 est,
683 390 720 451 ut
741 380 918 474 Religionis
932 381 1099 449 discrimen
1112 401 1176 447 non
1196 377 1356 446 admittat.

239 483 305 552 set
321 484 362 550 de
382 481 457 570 juro
476 482 583 550 divino
609 485 772 572 quaeritur,
793 505 835 550 ex
857 504 919 571 quo
945 482 1027 549 hanc
1053 480 1257 569 quaestionem
1273 487 1358 545 trac-

73 613 203 659 ηοω.
239 592 311 651 tent
327 577 404 650 ¹non
423 582 577 673 Theologi
598 594 730 661 tuntum,
753 583 810 650 sed
833 593 867 652 et
882 582 1183 651 Jurisconsultorum
1201 577 1355 658 nonnulli,

74 661 226 792 {diffcile
239 683 325 752 inter
340 705 420 772 quos
437 684 598 751 Oldradus
614 697 647 752 et
663 684 830 751 Decianus

73 752 201 841 002²th
314 785 374 851 IX.
423 787 443 851 1
477 784 648 851 Videamus
670 784 806 872 primum
830 783 963 872 dejure
985 783 1091 851 divino
1117 781 1229 861 reteri,
1253 779 1356 849 acturi

239 883 354 952 deindo
379 885 420 952 de
447 906 537 952 novo.
589 884 704 962 chus,
728 907 791 951 non
817 885 949 952 nocendi
973 906 1076 962 causa,
1104 906 1173 950 cum
1201 881 1355 949 alienisa

239 983 407 1075 Religiono
423 985 611 1052 contrahere
627 994 701 1051 ante
719 985 817 1052 llosis
833 985 936 1075 legem
953 985 1051 1052 licuit.
1098 983 1290 1070 Exemplum
1304 991 1354 1049 cst

75 1082 273 1154 οιιιωιιιὶιι
300 1085 409 1152 federe
433 1084 547 1151 Jacobi
573 1106 644 1151 cum
671 1085 820 1154 Labaner
846 1096 883 1153 ut
901 1086 970 1175 jam
995 1086 1036 1153 de
1066 1083 1247 1151 Abimeleco
1274 1083 1355 1150 nibil

73 1206 228 1295 ganam
240 1183 351 1264 dicam,
385 1184 512 1273 quando
544 1205 608 1250 non
646 1185 724 1253 satis
758 1195 881 1254 constat
910 1209 982 1253 oum
1014 1183 1111 1252 fuisse
1144 1183 1353 1250 idololatram.

239 1284 354 1374 Neque
384 1285 419 1352 id
455 1284 508 1350 lex
543 1305 602 1371 per
632 1286 754 1353 Mosem
791 1286 867 1353 data
906 1285 1050 1353 mutarit.
1103 1283 1258 1372 Exemplo
1289 1282 1355 1351 sint

74 1384 400 1475 mumaAEgyptii,
418 1384 504 1452 haud
529 1383 625 1451 dubio
650 1394 725 1452 tunc
748 1385 935 1454 idololatroe.
986 1387 1056 1452 Hos
1079 1394 1185 1451 tamon
1210 1384 1355 1450 aversari

240 1494 391 1553 vetantur
409 1483 552 1551 Hebraei.
600 1485 784 1574 tIncipiendi
806 1495 880 1553 sunt
894 1486 1002 1575 populi
1019 1494 1140 1574 septem
1160 1484 1267 1552 divina
1283 1506 1354 1550 sen-

238 1584 340 1652 tentia
368 1585 519 1663 damnati,
553 1585 642 1673 cujus
673 1585 839 1654 sententiae
873 1598 1058 1654 executores
1089 1594 1181 1653 erant
1213 1585 1354 1674 delegati

71 1702 209 1790 Juvat.
239 1685 413 1764 Israelita:
439 1708 514 1752 nam
540 1684 589 1752 his
616 1686 650 1753 in
675 1686 853 1754 idololatria
877 1688 1099 1775 perstantibus,
1126 1696 1159 1754 et
1187 1686 1354 1774 imperium

97 1760 151 1800 'm'
239 1785 497 1864 detrectantibus,
514 1807 645 1873 parcere
662 1795 820 1866 vetantur,
838 1786 952 1874 quibus
976 1787 1086 1855 itidem
1102 1787 1229 1854 decreto
1246 1784 1354 1853 divino

69 1911 226 1998 peamau,
238 1885 338 1954 additi
352 1895 426 1953 sunt
442 1886 635 1953 Amalceitae.
796 1958 798 1960 ,

96 1967 151 2009 '⁶⁹⁹'
315 1988 337 2052 2
371 1986 497 2054 Federa
522 2007 646 2074 quoque
673 1986 939 2066 commerciorum,
957 1995 991 2055 et
1013 2009 1084 2075 quae
1105 1986 1156 2054 his
1175 1985 1287 2053 similia
1310 1985 1353 2053 ad

237 2084 405 2154 utilitatem
422 2108 625 2165 communem,
646 2094 703 2152 aut
727 2087 858 2153 alterius
878 2088 979 2176 partis
995 2087 1167 2176 pertinent,
1185 2086 1265 2153 inire
1281 2109 1353 2153 curn

235 2186 377 2275 profanis
400 2185 472 2253 licet
493 2208 552 2273 por
577 2185 700 2275 legem:
723 2186 802 2252 nihil
828 2187 910 2253 enim
936 2187 1097 2275 reperitur
1125 2188 1210 2275 quod
1236 2186 1351 2254 obstet.

69 2311 214 2353 esaum
236 2286 280 2353 Et
308 2287 453 2374 exempla
482 2286 634 2353 habemus
660 2285 813 2364 fedcrum,
841 2307 914 2374 quae
941 2286 1047 2354 David
1073 2297 1107 2353 et
1132 2287 1258 2354 Solomo
1280 2309 1352 2352 cum

236 2385 371 2453 Hir-omo
391 2386 562 2475 Tyriorum
586 2408 664 2475 rege
687 2385 849 2453 fecerunt:
874 2408 912 2452 ac
933 2385 1106 2453 notandum
1126 2384 1161 2452 in
1182 2408 1273 2453 sacra
1286 2388 1352 2452 his·

69 2497 207 2548 tamnu
236 2485 319 2553 toria
336 2484 397 2553 dici
413 2485 505 2553 fedus
519 2485 578 2552 hoc
595 2507 615 2552 a
632 2486 798 2554 Solomone
813 2485 931 2554 factum
942 2485 1039 2576 juxta
1055 2477 1242 2576 sapientiam
1255 2509 1353 2575 quam

236 2583 327 2653 Deus
343 2585 373 2652 ei
389 2584 530 2653 dederat.

68 2714 222 2802 maner&
312 2688 334 2751 3
369 2687 437 2751 Lex
454 2685 581 2774 quidem
598 2684 695 2750 Mosis
709 2685 887 2775 specialiter
899 2685 1035 2775 imperat
1049 2685 1235 2753 benefacere
1251 2708 1354 2776 popu-

69 2762 184 2848 poem
234 2783 364 2864 laribus,
382 2781 526 2876 ἀγαπᾷν
551 2781 615 2854 τᾶν
632 2781 793 2867 πλήσιον·
816 2796 975 2874 praeterea
1001 2786 1166 2875 peculiaris
1193 2787 1294 2853 rictus
1318 2797 1355 2854 et

234 2907 357 2952 morum
384 2884 466 2952 ratio
497 2886 522 2950 J
525 2885 620 2951 udaeis
646 2885 834 2974 praescripta
860 2886 1046 2953 familiarem
1074 2909 1144 2953 cum
1174 2886 1354 2954 bominibus

234 2985 348 3053 ceteris
371 2984 625 3052 consuetudinem
650 2985 705 3051 vix
730 2986 920 3074 patiebatur.
965 2987 1010 3053 At
1032 2987 1104 3053 hinc
1127 3009 1191 3054 non
1208 2987 1354 3075 sequitur

233 3094 290 3152 ant
308 3085 492 3152 benefacere
517 3084 676 3151 extraneis
698 3106 762 3150 non
787 3086 920 3163 licuisse,
937 3095 994 3153 aut
1019 3086 1114 3153 etiam
1134 3086 1293 3154 laudabile
1316 3087 1355 3156 id

232 3206 298 3252 non
322 3207 401 3264 esse,
427 3185 511 3274 quod
536 3183 619 3250 male
643 3184 716 3251 inde
738 3185 865 3277 collegit
890 3185 1100 3275 posteriorum
1125 3186 1354 3278 magistrorum

231 3361 240 3398 ι
259 3363 318 3413 No„
335 3363 451 3424 mtopt
466 3360 568 3424 rnatum]
591 3361 656 3410 Puta
665 3363 814 3420 Antoninus,
825 3362 964 3425 cnjetanue,
975 3361 1087 3418 Toletns,
1102 3361 1204 3421 Melina,
1213 3361 1353 3425 Valdesius,

295 3469 297 3472 ι
709 3441 843 3488 Mnlderus.

231 3674 364 3715 common
378 3667 408 3714 ιο
419 3658 459 3713 nll
470 3675 537 3714 men
551 3657 614 3714 that
628 3659 652 3712 it
667 3659 828 3729 recognizcs
843 3674 881 3713 no
897 3658 1063 3715 distinction
1073 3658 1107 3714 of
1115 3657 1257 3730 Religion.
1291 3657 1353 3713 But

231 3744 282 3802 the
298 3746 429 3818 question
443 3747 467 3801 is
479 3752 531 3818 put
544 3762 581 3801 on
595 3745 644 3799 tbc
659 3744 771 3816 ground
786 3744 820 3799 of
832 3743 882 3799 the
897 3746 1000 3801 Divine
1015 3746 1093 3811 Law,
1108 3745 1165 3800 and
1180 3761 1212 3799 so
1227 3743 1352 3809 treated,

139 3832 141 3837 ’
230 3838 283 3888 not
300 3833 368 3907 only
379 3833 418 3905 by
429 3832 618 3904 Theologians
633 3831 685 3887 but
696 3831 735 3903 by
742 3831 855 3897 lurists,
868 3832 925 3886 and
937 3848 1042 3903 among
1054 3831 1142 3896 them,
1153 3830 1193 3903 by
1205 3828 1351 3886 Oldradus

229 3919 288 3973 and
299 3919 451 3975 Decianus.

288 4004 343 4060 tx.
390 4010 405 4059 1
435 4005 512 4060 First
526 4003 560 4060 of
574 4004 678 4060 Dirine
698 4004 775 4060 Law.
821 4004 875 4060 We
890 4004 964 4060 hare
982 4003 1124 4075 exemplos
1143 4002 1178 4059 of
1194 4009 1350 4060 corenents

228 4089 277 4147 for
293 4091 405 4145 mutual
418 4090 613 4157 forbearance,
635 4090 704 4146 with
721 4099 864 4162 strangcrs
883 4097 913 4146 to
932 4098 997 4147 true
1015 4091 1156 4162 Religion,
1177 4090 1277 4145 before
1297 4089 1351 4146 the

228 4177 283 4232 law
312 4178 346 4233 of
360 4179 462 4243 Moses,
488 4195 519 4233 as
542 4179 634 4234 Jacob
654 4177 722 4232 with
744 4178 851 4243 Laban,
873 4184 923 4233 ιιοι
946 4185 976 4232 ιο
1002 4179 1089 4249 spcak
1113 4177 1147 4232 of
1170 4175 1347 4233 Abimclcch.

229 4264 292 4322 The
306 4265 360 4320 law
374 4265 408 4321 of
420 4266 514 4320 Moses
529 4265 578 4320 did
593 4272 645 4320 not
657 4266 766 4337 change
778 4265 851 4320 this:
875 4266 922 4320 for
934 4266 1072 4337 exemplo,
1086 4265 1136 4320 tho
1149 4265 1285 4319 Hebrews
1298 4280 1350 4320 are

227 4350 381 4409 forbidden
395 4359 425 4409 to
440 4359 514 4409 trcat
535 4351 584 4408 tho
602 4353 759 4426 Egyptians
774 4369 804 4409 as
820 4353 953 4409 enemios.
1000 4352 1062 4408 The
1078 4368 1164 4409 seven
1178 4350 1301 4424 Peoples
1316 4352 1354 4408 of
