2828 4920
53 269 128 326 (iar.
142 265 242 338 xlx]
387 269 441 324 DE
463 268 564 326 JUuu
587 268 841 327 SEPULTURAE.
1110 261 1175 326 235

53 438 252 505 voluntatem
274 435 371 503 solam
393 458 462 502 esse
478 457 550 524 quse
573 436 683 504 mortis
703 436 913 525 anticipandae
936 435 1097 506 consilium
1118 438 1174 505 ab·

55 539 167 607 solvat.
218 539 325 625 Atque
346 537 408 603 huc
429 538 573 605 referunt
595 538 753 606 Samsonis
775 539 964 626 exemplum,
990 537 1098 626 quiin
1116 560 1173 606 suo

56 662 189 728 corpore
212 660 322 705 veram
344 638 527 729 religionem
549 639 677 706 ridebat
691 661 759 705 esse
782 638 909 716 derisui,
933 649 966 707 et
984 638 1097 721 Saulis,
1119 637 1174 726 qui

56 741 163 830 gladio
184 739 336 817 incubuit,
360 761 401 805 ne
426 762 447 806 a
470 740 533 807 Dei
555 741 681 828 suisque
703 739 845 806 hostibus
869 740 1075 819 illuderetur3
1099 762 1173 806 nam

56 842 142 909 huno
157 840 324 928 resipuisse
341 840 452 908 volunt
470 851 634 931 postquam
653 839 807 908 Samuelis
828 842 942 907 umbra
957 851 1092 909 mortem
1112 839 1172 929 ipsi

55 939 261 1032 praedixerat,
283 964 376 1029 quam
395 964 514 1032 gnarus
534 941 592 1007 sibi
609 941 771 1008 imminere
790 941 817 1007 si
838 952 1007 1032 pugnaret,
1030 942 1171 1030 praelium
1183 948 1328 1038 {sawt

55 1065 116 1133 pro
133 1042 238 1130 patria
254 1053 288 1110 et
309 1042 371 1109 Dei
387 1044 459 1134 lege
481 1065 544 1110 non
561 1041 761 1120 detrectavit,
784 1051 936 1108 aeternam
952 1040 1026 1108 inde
1046 1041 1171 1110 laudem

54 1144 188 1211 meritus
205 1143 337 1211 Doridis
352 1144 446 1212 etiam
463 1143 640 1232 praeconio:
668 1164 689 1207 a
705 1163 767 1228 quo
785 1151 819 1209 et
841 1141 934 1230 iiqui
952 1142 1079 1210 Saulem
1100 1164 1173 1210 cum

54 1247 179 1312 honore
203 1244 400 1333 sepelierant,
418 1253 505 1312 recte
528 1243 602 1309 facti
624 1242 835 1310 testimonium
857 1242 1044 1312 retulerunt.
1095 1245 1173 1311 Ter·

54 1347 137 1413 tium
155 1369 188 1414 es
190 1347 396 1435 texemplum
413 1344 507 1411 Ruris
525 1343 805 1433 Hierosolymitani
822 1342 1001 1410 senatoris
992 1366 1024 1410 ιιι
1040 1343 1173 1413 historia

55 1446 266 1514 ltlaocabaica
315 1447 437 1515 Sedt
405 1455 437 1514 et
458 1446 491 1512 in
513 1445 693 1513 Christiana
716 1443 849 1510 historia
873 1443 1016 1533 exempla
1038 1444 1326 1553 legimuswaeu·

54 1548 170 1614 similia
187 1571 305 1626 eorum,
323 1548 377 1636 qui
394 1557 526 1613 mortem
543 1546 602 1613 sibi
615 1545 830 1625 intulerunt,⁸
835 1568 875 1611 ne
890 1545 1055 1612 tormentis
1067 1507 1208 1614 adacti³⁷

58 1648 179 1716 Christi
196 1648 380 1738 religionem
404 1648 574 1736 ejurarent,
596 1656 629 1714 et
646 1645 804 1736 uirginum
826 1668 897 1735 quae
913 1638 974 1712 bhe
992 1645 1173 1735 pudicitiam

54 1748 242 1815 amitterent
257 1750 419 1816 indumen
436 1771 470 1815 se
481 1749 635 1836 jecerunt,
653 1767 731 1836 quas
752 1747 835 1814 etin
852 1757 1031 1837 martyrum
1046 1768 1174 1814 censum

56 1849 208 1917 Ecclesiae
228 1848 346 1916 retulit.
393 1849 458 1916 Sed
474 1851 514 1917 de
536 1850 586 1917 his
603 1858 709 1917 tamen
725 1849 819 1937 cquid
840 1848 1034 1940 Augustinus
1055 1847 1209 1917 sentiat

56 1950 167 2018 ridere
185 1959 234 2042 est
251 1972 357 2040 operae
371 1949 517 2040 pretium.

1184 1855 1338 1896 Lmtdetto.

1185 2045 1253 2083 coint.
1235 2051 1300 2082 r-tee.

57 2127 591 2190 1.pag.es.r0m.11.nusaeuissepr-
640 2127 711 2175 uuu.
742 2128 829 2178 rara.
855 2127 932 2190 1sco.)
962 2128 1174 2190 Hieronymum
1187 2089 1257 2130 ω
1266 2088 1328 2138 ‘¹⁰⁶⁸‘

56 2218 170 2265 gramnm
181 2209 252 2252 vetus
265 2204 417 2266 Anthotopioe
427 2204 481 2252 Lib.
496 2217 538 2252 ιιι.
552 2205 591 2254 29.
641 2205 819 2251 commentariis
829 2204 860 2251 ad
868 2204 941 2252 finem
948 2204 1035 2265 capitia
1045 2205 1116 2265 primi
1126 2203 1175 2252 Jo-

56 2282 96 2329 tir.
111 2281 141 2327 de
155 2281 295 2341 Just-enitar,
312 2281 431 2342 incipiens
448 2280 555 2343 οἰχόμεθ’
571 2279 593 2326 ὦ
641 2295 696 2329 nme
715 2281 784 2329 vnde
794 2281 1176 2341 etiopereecutionibasmiioet

58 2357 174 2413 Μίλητε.
200 2357 307 2404 Narrant
317 2362 344 2404 et
353 2357 434 2404 Judaei
443 2358 557 2404 feminam
566 2356 591 2402 in

58 2434 113 2479 navi
124 2433 155 2479 ad
169 2438 281 2494 stuprum
291 2434 431 2495 expetitam,
442 2447 497 2481 cum
512 2447 529 2479 a
540 2447 592 2479 ma-

57 2510 106 2556 rito
114 2511 248 2571 quaesiisset
257 2524 288 2556 an
300 2514 326 2557 et
335 2510 400 2567 mari,
406 2523 485 2556 mersa
491 2521 593 2569 corpora

58 2592 141 2634 essent
150 2593 322 2644 resurrectura,
328 2585 397 2646 isque
407 2585 432 2631 id
443 2585 593 2641 affirmasset,

52 2663 141 2724 jecisse
156 2676 183 2707 se
195 2662 220 2707 in
232 2675 306 2709 mare.
339 2661 533 2709 Christianarum
547 2673 593 2706 aa·

58 2746 109 2785 tem
128 2737 256 2784 mulierum
276 2735 382 2796 plurima
398 2749 457 2783 sane
476 2735 593 2782 habemus

58 2813 178 2873 exempla.
210 2812 364 2859 Feminarum
384 2811 593 2859 Antiochenamm

58 2892 104 2937 sub
117 2889 288 2936 Diocletiano:
306 2887 448 2948 Sophronias
461 2888 507 2933 sub
522 2888 594 2934 Max.

59 2967 135 3024 cutio,
153 2966 178 3011 in
195 2963 383 3026 ltlartyrologiis
403 2963 506 3017 Zouara,
523 2962 591 3023 (Lib.

58 3054 112 3088 xri.
122 3054 175 3101 cap.
185 3037 228 3100 33)
236 3040 311 3085 Sexto
322 3038 433 3084 amelio.
459 3036 528 3082 Alias
540 3039 594 3084 Au·

58 3120 184 3168 tioehenas
194 3119 240 3165 sub
254 3115 363 3164 Chosroe
377 3115 445 3162 addit
460 3115 593 3176 Procopius

59 3197 215 3243 Persicorum
235 3206 265 3248 ιι,
282 3191 347 3253 (cap.
365 3192 404 3250 8.)
433 3191 529 3238 Laudat
544 3193 593 3238 vir.

641 2357 811 2416 mihiproprin
818 2357 903 2416 perire
910 2371 989 2416 mauu,
998 2357 1088 2419 absque
1096 2372 1124 2406 eo
1133 2358 1176 2406 abi

641 2435 742 2480 castitas
753 2434 915 2494 periclitatur.
942 2432 1018 2495 [tudo
1036 2448 1092 2495 qun
1112 2435 1176 2484 dixi.

640 2525 695 2558 mus
710 2513 735 2557 in
752 2511 826 2558 Libro
837 2511 932 2559 Gallico
947 2512 988 2559 De
997 2511 1109 2561 doctrina
1117 2512 1176 2561 Μο-

641 2587 693 2633 rati
708 2587 813 2634 Parrum
822 2585 893 2635 Eect.
902 2601 956 2650 cap.
968 2602 1009 2636 xv.
1019 2587 1034 2651 5
1045 2591 1070 2646 7,
1079 2593 1175 2653 seqq.

687 2745 698 2773 τ
715 2738 782 2798 Quid
793 2738 939 2799 Aaoreetinue
950 2738 1049 2803 sentiat]
1064 2739 1112 2789 cut
1128 2740 1173 2790 ad·

643 2815 700 2862 dere
715 2816 773 2862 lieet
792 2814 990 2877 chrysostomum
1006 2817 1031 2864 in
1048 2818 1104 2866 Gal.
1117 2818 1134 2867 l.
1149 2821 1175 2866 4·

643 2891 730 2950 (Toru.
741 2903 782 2938 ιιι.
793 2905 852 2952 pag.
862 2894 922 2949 714)
938 2897 964 2940 et
974 2893 1111 2941 Concilium
1119 2894 1175 2942 Aa·

642 2967 776 3013 relianense
786 2980 828 3014 ιιι.
863 2967 1000 3016 Oblationes
1011 2968 1175 3037 defenderam

642 3042 685 3102 qui
699 3041 724 3087 in
736 3042 818 3102 aliquo
832 3041 930 3088 crimine
936 3043 1034 3103 fuerint
1049 3044 1175 3102 ἰοιινοοιιὶ,

642 3117 719 3177 recipi
729 3117 811 3164 debere
819 3132 942 3176 censemus,
952 3119 975 3164 ei
985 3124 1062 3166 tamen
1071 3134 1118 3166 non
1127 3120 1177 3181 ipsi

642 3192 690 3237 eibi
700 3197 796 3238 mortem
805 3193 937 3252 probentur
943 3193 1055 3254 propriis
1067 3193 1176 3242 manibus

58 3273 137 3333 gines,
154 3284 209 3331 quas
226 3275 305 3315 morte
325 3266 442 3327 pudorem
457 3271 593 3325 servarant,

58 3347 206 3394 Ambrosius
214 3345 259 3407 (de
272 3342 389 3405 Virginib.
399 3341 454 3390 Lib.
465 3354 507 3389 ιιι.
518 3357 543 3403 p.
554 3343 593 3392 97.

643 3268 757 3316 intulisse.
789 3268 825 3316 Bt
836 3274 917 3316 tamen
928 3269 948 3315 is
959 3270 1011 3330 ipse
1021 3271 1175 3332 Augustinus

642 3344 699 3395 Lib.
709 3357 728 3394 1.
738 3344 768 3392 de
779 3344 883 3394 Ciuitate
889 3345 941 3393 Dei
946 3360 968 3394 o.
980 3345 1025 3395 16:
1035 3346 1069 3394 At
1072 3360 1121 3408 per
1130 3346 1175 3396 boe

61 3601 104 3656 Το
126 3598 183 3654 this
209 3597 279 3670 they
298 3597 376 3654 refer
400 3595 450 3653 the
477 3597 619 3670 examples
641 3598 676 3653 oi
696 3599 817 3655 Samson
846 3597 960 3655 andei
988 3598 1066 3657 Saul.
1112 3597 1175 3657 The

59 3688 168 3744 former
179 3703 235 3743 saw
249 3684 313 3741 that
333 3685 362 3738 in
380 3683 424 3738 his
444 3701 547 3755 person
569 3684 619 3741 the
640 3693 703 3741 true
725 3687 844 3757 religion
868 3703 923 3742 uas
946 3688 1075 3744 scorned.
1113 3687 1176 3744 The

60 3775 149 3831 latter
168 3790 225 3829 was
247 3771 376 3828 restored
399 3777 430 3826 ιο
448 3789 466 3825 a
483 3770 560 3841 right
577 3789 639 3844 way
662 3773 696 3828 of
711 3773 851 3844 thinking,
869 3773 944 3829 aster
965 3773 1014 3830 tho
1035 3773 1124 3831 shade
1144 3773 1179 3831 of

61 3861 179 3917 Samuel
199 3860 258 3916 had
275 3857 423 3934 predictcd
446 3865 476 3912 to
498 3857 558 3911 him
575 3857 619 3913 his
642 3859 744 3926 death3
762 3861 819 3914 und
841 3860 950 3934 though
962 3861 1095 3933 lrnowing
1111 3860 1177 3918 that

60 3949 117 4004 this
140 3964 196 4003 was
220 3955 251 4003 at
278 3947 365 4012 hand,
390 3944 426 4032 ho
449 3945 499 4000 did
525 3951 576 3999 not
606 3946 700 4001 refuso
725 3953 756 4002 ιο
783 3947 856 4019 fight
878 3947 925 4003 ior
952 3948 1016 4003 God
1045 3948 1103 4004 and
1131 3947 1177 4006 his

60 4043 198 4107 country-3
213 4034 270 4089 and
291 4034 341 4089 tell
360 4051 397 4088 on
416 4032 460 4087 his
481 4032 572 4086 sword
592 4038 622 4087 ιο
643 4035 726 4089 oroid
751 4034 800 4092 tho
817 4036 918 4090 insulta
939 4035 972 4090 of
986 4035 1036 4091 tho
1059 4052 1173 4108 euemyr

59 4121 127 4181 thus
140 4122 287 4192 obtaining
298 4121 408 4177 eternal
420 4121 520 4192 prniso,
533 4136 604 4174 eren
619 4119 694 4175 from
707 4123 807 4178 David.
842 4122 904 4177 The
918 4122 995 4178 third
1010 4123 1138 4194 example
1152 4121 1177 4179 ia
1202 4137 1207 4156 ’

60 4209 124 4265 that
139 4208 173 4263 of
186 4209 279 4273 Razis,
294 4208 324 4262 iu
339 4207 388 4262 the
410 4207 519 4280 history
534 4208 568 4262 of
588 4207 637 4262 the
658 4208 832 4275 Maccabeos,
848 4215 865 4264 2
880 4210 970 4264 Maec.
984 4210 1040 4264 air.
1057 4212 1102 4266 37.
1140 4208 1176 4264 Iu

61 4297 204 4353 Christian
218 4295 328 4367 history
342 4296 410 4361 also,
426 4313 468 4352 wo
480 4295 549 4350 read
564 4295 671 4350 similar
685 4296 827 4368 crurnplcs
842 4297 876 4351 of
892 4311 1011 4368 persons
1026 4294 1088 4350 nhc
1103 4294 1177 4352 hare

59 4382 150 4440 killed
176 4383 353 4449 themselves,
374 4383 428 4439 lest
451 4383 544 4439 under
569 4383 618 4439 tho
641 4399 771 4456 pressure
789 4383 823 4437 of
839 4389 978 4439 torments
998 4381 1067 4455 they
1085 4381 1178 4456 might

59 4487 205 4530 ronounce
219 4469 269 4528 the
284 4470 426 4528 Christian
449 4471 585 4544 religion:
609 4469 666 4527 and
690 4469 724 4527 oi
742 4470 846 4544 virgim
867 4469 931 4527 who
951 4469 1025 4529 hare
1042 4469 1178 4530 monet
