2828 4928
37 277 122 334 Cer.
139 272 225 349 XX]
509 280 563 336 Dr:
584 279 724 337 POENIS.
1110 277 1175 342 303

133 443 293 510 XXXVI.
338 444 357 508 1
395 445 490 523 Quod
506 453 613 512 autem
630 446 774 524 diximus,
800 448 854 514 ubi
872 471 995 540 mugnae
1010 457 1175 540 urgentes·

45 567 119 633 que
137 565 241 610 causeo
253 552 387 625 cessent,
405 544 446 610 nd
464 545 665 613 minuendam
677 547 782 635 potius
799 570 925 636 poennm
942 559 1104 639 promptos
1116 571 1175 618 uos

48 667 126 712 esse
139 644 267 722 debere,
285 643 318 709 in
331 665 369 711 eo
386 645 559 712 clementius
572 668 647 734 pars
658 647 762 714 ultera
776 648 836 714 situ
852 658 908 715 est.
935 651 1019 717 Nam
1034 651 1174 739 priorem

51 746 89 812 in
106 744 249 811 tollenda
265 765 362 834 poenn
377 745 604 812 collocavimus.
639 750 728 824 Quia
741 750 872 834 difficile
884 763 931 816 cet
945 763 1065 838 temper
1065 775 1176 819 amen

55 859 143 922 tum,
161 843 264 932 inquit
281 843 410 926 Seneca
428 849 592 935 quidquid
608 871 700 934 ecquo
711 849 960 934 piuesutnrum
976 864 1023 918 eet
1039 854 1076 918 in
1086 876 1173 940 par·

56 947 315 1014 temtumuutu·
314 968 364 1013 em
370 950 607 1034 propenderet
643 946 747 1013 Alibi.
761 951 940 1034 poenansei
956 962 1024 1016 tuto
1038 934 1203 1037 poterit,

55 1050 166 1124 donet,
185 1048 239 1113 sin
256 1049 377 1124 minue,
397 1060 557 1134 temperet
597 1046 744 1134 Etepud
761 1047 936 1115 Diodorum
954 1049 1091 1116 Siculum
1106 1052 1172 1118 luu-

57 1146 157 1214 detur
173 1169 232 1213 rex
253 1146 437 1235 AEgyptius,
455 1145 564 1235 quod
555 1157 733 1264 imponeret
749 1151 904 1243 τιμωρίας
925 1144 1158 1225 ἐλάττους
1112 1181 1172 1234 της

56 1244 165 1336 ἀξίας,
183 1239 367 1334 ¹suppiieia
382 1249 510 1315 meritis
527 1249 667 1313 minora.
714 1249 765 1314 De
782 1251 827 1316 M.
846 1251 912 1316 Ant
898 1250 1005 1317 tonino
1024 1251 1174 1339 Capitoli·

1158 875 1325 918 nimaina

1184 985 1305 1025 ibid-etot

1185 1070 1302 1117 rntttt

57 1371 140 1414 nus.
167 1360 240 1415 crat
258 1370 326 1415 moe
342 1351 403 1415 istc
420 1351 596 1423 Antonino,
612 1360 650 1415 ut
666 1351 779 1415 omnia
795 1353 940 1417 erimina
956 1353 1081 1418 minore
1097 1375 1173 1441 eup-
1184 1369 1274 1422 unt&

51 1449 173 1536 plutio,
191 1470 292 1536 qnam
311 1448 437 1535 lepibus
446 1449 553 1536 plecti
569 1449 714 1526 solerent,
727 1453 876 1537 puniret.
919 1450 1018 1518 Isseus
1029 1453 1172 1540 ⁶quoque

58 1556 171 1615 orator
204 1546 294 1625 dixit,
322 1557 469 1636 oportere
500 1547 587 1637 leges
616 1548 743 1636 quidem
775 1549 921 1617 constitui
954 1551 1084 1667 rigidas,
1115 1553 1172 1620 sed

58 1642 195 1736 kpremes
218 1647 304 1737 exigi
332 1647 454 1737 legibus
479 1648 629 1716 mitiores.
677 1649 722 1716 Et
750 1651 897 1718 isocratis
922 1661 971 1718 est
999 1651 1172 1720 monitum:

59 1746 127 1821 wie
154 1749 308 1840 τιμωρίας
334 1743 501 1822 ἐλάττους
528 1750 696 1818 ποιεῖσθαι
726 1753 797 1821 τοῖν
825 1747 1109 1846 ἁμαρτανομένων·
1135 1765 1174 1820 ttt

54 1871 166 1937 paenoe
182 1850 380 1934 inflipontur
396 1851 491 1935 infru
502 1851 636 1936 pcccati
651 1853 790 1919 modum.

136 1951 158 2015 2
194 1941 403 2037 ¹Augustinus
424 1949 568 2015 comitem
585 1950 805 2017 Marcellinum
825 1950 870 2017 sic
893 1951 1042 2020 admonet
1060 1950 1109 2019 sui
1125 1952 1174 2019 oi·

61 2048 146 2116 ficii:
172 2050 258 2115 uniti
274 2049 461 2116 sollicitudo
477 2052 627 2116 munima
640 2052 775 2118 incusso
787 2064 845 2129 est,
872 2075 912 2120 ue
919 2056 1012 2140 forte
1027 2054 1175 2120 sublimi·

64 2164 120 2217 tas
138 2162 199 2216 tuo
216 2143 344 2216 censeat
357 2171 410 2216 cos
426 2161 523 2215 tanta
537 2153 642 2236 lepum
659 2155 830 2220 seueritate
847 2176 913 2220 csse
924 2155 1121 2240 plectmdos,
1138 2165 1177 2220 ut

62 2251 355 2337 peculiofccerunt,
383 2251 467 2315 tolio
480 2253 672 2336 patiantur,
689 2254 823 2336 ideoque
846 2255 896 2320 bis
914 2254 1021 2321 literis
1036 2254 1177 2320 obtestor

64 2409 224 2458 Orationibus
234 2407 298 2466 lsai,
313 2421 368 2469 qum
378 2407 443 2456 circe
456 2413 598 2457 controver-
645 2411 703 2458 bolo
715 2412 774 2458 muli
787 2411 881 2472 Punici,
896 2428 950 2461 cum
966 2413 1045 2461 dicto:
1062 2411 1177 2462 numm.

62 2486 113 2533 sias
123 2485 206 2532 civiles
216 2497 299 2532 omnes
309 2490 444 2534 versantur.
467 2489 520 2534 Aut
527 2487 598 2534 valde
646 2485 702 2532 Rex
712 2486 875 2534 Theodericus
886 2489 951 2550 upud
962 2487 1132 2535 Cusiodornm
1138 2500 1179 2538 xi.

62 2561 145 2618 fallor,
160 2557 294 2608 anthabet
309 2560 355 2607 hoo
372 2562 469 2608 Auctor
485 2566 598 2609 uostere
646 2562 686 2608 40.
714 2562 763 2622 Qui
774 2562 1075 2622 perimciccejuslteumue,
1089 2563 1180 2612 mtte-

63 2635 139 2684 Notis
148 2637 290 2683 Furounrcr
297 2635 506 2692 ersussnnoou,
514 2635 556 2697 qui
566 2636 598 2683 sd
646 2639 748 2685 caritate
758 2653 848 2698 semper
858 2640 1009 2701 iquoreimrr.

63 2711 376 2768 Ammianum,xxv111.l.
391 2709 464 2757 simui
474 2724 528 2757 cum
539 2710 599 2758 locis
691 2712 698 2746 ¹
713 2714 872 2776 Auqastinus]
896 2716 1008 2776 Epistola
1026 2728 1101 2765 cmx.
1124 2730 1179 2778 qum

65 2786 201 2847 Capitolini
227 2790 253 2833 et
272 2785 389 2832 Isocratis
410 2784 464 2832 heic
484 2784 598 2840 laudetis,
646 2788 1179 2849 suturaeireumcelliones,rmuuxxrn.

64 2860 599 2923 tamquamexlsaeoadditvcrbassqueutisr
647 2868 732 2922 quiest.
742 2879 765 2910 v.
795 2865 866 2923 Vide,
881 2866 1002 2926 siplecst,
1016 2867 1181 2930 rdAugusti·

1162 1676 1307 1764 ‚glutitum

64 2937 190 2996 Χριίτοὺς
200 2935 288 2996 νόμους
298 2935 466 2996 μὲντιθισθαι
476 2937 600 2996 σφοδρῶς,
646 2949 704 2982 num
720 2939 824 2985 eundem
841 2938 970 2999 epistolam
987 2941 1133 3002 ttmsdouit,
1154 2947 1180 2991 et
1231 2945 1236 2953 '

62 3012 213 3072 πραοτέρους
230 3012 256 3058 δὲ
277 3011 401 3072 κολάζειν,
420 3011 436 3067 ἢ
456 3010 488 3059 nis
508 3013 599 3058 ἐκεῖνοι
646 3025 700 3057 eam
711 3026 760 3072 qua
769 3015 900 3074 respondet
909 3017 1065 3076 Augustinus
1074 3017 1181 3064 uumerh

63 3086 206 3134 κελεύουσι.
231 3085 291 3133 Post
300 3086 404 3148 primum
415 3086 553 3132 Editiouem
563 3085 600 3131 lo·
647 3091 803 3134 nunctum.
832 3088 906 3136 Adde
921 3089 952 3135 ds
962 3089 1100 3136 Theodosio
1110 3091 1181 3150 Juni-

63 3177 121 3210 cum
129 3162 208 3221 reperi
218 3162 284 3222 apud
292 3163 433 3217 Sroumuu,
442 3161 517 3207 Serm.
526 3173 599 3207 xurv.
647 3173 688 3206 ore
699 3175 754 3219 quse
763 3166 821 3209 suut
830 3162 855 3208 in
865 3164 985 3223 excerptio
995 3163 1115 3211 Jouannu
1125 3166 1181 3213 Au.

63 3253 110 3286 seu
119 3238 149 3285 de
158 3239 249 3298 Reque,
259 3251 318 3298 pug.
325 3239 378 3285 327.
409 3235 438 3284 J.
446 3236 480 3284 B.
647 3235 753 3280 tiocheni
764 3249 794 3281 ex
805 3238 969 3296 manuscripto
981 3239 1101 3297 Peirescii,
1110 3241 1179 3301 (pag.

112 3313 125 3347 Ι
140 3314 229 3360 Poenus
238 3313 304 3373 cripi
312 3311 402 3373 reptem
412 3309 528 3371 mitiores]
545 3310 599 3358 Hoc
646 3311 711 3362 850.)
722 3311 878 3357 liacedouius
888 3312 921 3357 ad
930 3313 1110 3372 Augustinum:
1125 3317 1181 3378 effi.

64 3389 113 3437 sibi
129 3389 227 3436 volebat
242 3388 363 3435 Henricus
378 3388 517 3448 Imperator
535 3400 599 3446 sym·
646 3386 710 3432 cium
719 3386 852 3432 sucerdotis
861 3392 904 3444 cst,
915 3387 1056 3436 interserere
1064 3403 1112 3450 pro
1122 3391 1179 3440 reis.

65 3623 91 3677 is
105 3625 181 3702 most
191 3620 379 3677 considered
371 3637 401 3676 ιιι
413 3618 464 3676 the
477 3620 593 3693 general
607 3635 687 3686 caso3
704 3619 758 3676 but
771 3619 822 3676 tho
833 3619 927 3675 fault
919 3635 942 3676 ιι
956 3626 1069 3692 greater
1079 3640 1113 3679 or
1123 3623 1178 3682 less

65 3711 97 3764 iu
109 3691 266 3764 individua!
280 3723 366 3764 cases.

121 3795 263 3851 XXXVI.
303 3799 317 3849 1
348 3792 435 3848 What
456 3809 499 3848 uo
521 3791 681 3858 heresuid,
703 3792 767 3849 thot
789 3792 871 3848 when
892 3798 973 3864 greut
996 3793 1053 3849 aud
1076 3802 1180 3868 urgent

65 3899 165 3938 causes
180 3898 270 3948 censo,
280 3896 322 3936 we
336 3880 438 3938 should
449 3878 486 3935 be
499 3886 615 3951 prompt
629 3879 726 3934 rather
737 3887 767 3934 ιο
776 3879 915 3934 'diminish
928 3878 976 3935 the
988 3880 1180 3951 punishment,

66 3969 91 4023 is
110 3967 159 4023 the
173 3967 354 4023 directionin
373 3966 465 4022 which
487 3966 536 4022 tho
558 3965 641 4020 other
658 3972 723 4037 part
739 3965 772 4020 oi
788 3966 932 4039 clcmeucy
951 3968 975 4022 is
995 3967 1108 4023 sested:
1128 3967 1179 4026 the

65 4055 175 4110 former
188 4060 254 4126 port
264 4054 417 4125 consisting
428 4054 458 4106 iu
468 4053 567 4124 taking
578 4069 656 4124 usray
667 4051 716 4107 the
728 4053 910 4122 punishment
924 4053 1092 4126 altogether.
1138 4055 1179 4112 So

67 4141 178 4196 Seneca
198 4139 299 4210 speaks
320 4140 353 4193 of
370 4140 517 4209 temporiuq
531 4138 714 4211 punishment
728 4138 809 4192 when
824 4155 865 4192 we
880 4146 984 4194 cannot
997 4139 1124 4212 pardon3
1145 4157 1179 4198 so

64 4227 210 4283 Diodorus
237 4224 357 4289 Siculus,
380 4225 565 4297 Capitolinus,
589 4225 749 4295 describing
768 4225 808 4279 M.
834 4225 1002 4291 Antoninus,
1031 4226 1179 4296 Ιιοςιοιοι,

63 4313 155 4388 speuk
174 4311 208 4366 oi
220 4311 403 4383 punishment
415 4312 506 4367 below
521 4313 570 4369 tho
584 4313 776 4385 requircment
791 4311 825 4365 of
836 4310 886 4367 the
899 4310 974 4367 laus.

119 4406 138 4456 2
160 4398 319 4470 Augustino
341 4398 521 4457 admouishes
541 4400 635 4458 count
649 4397 831 4454 Marcellinus
854 4396 889 4453 of
911 4397 955 4455 his
978 4397 1057 4474 duty,
1076 4401 1179 4480 urgiug

60 4488 220 4560 elomency.
