2828 4920
234 243 298 311 156
559 255 613 312 DE
636 253 1017 313 mrsnpnsufflonu.
1217 251 1292 323 [Lm.
1306 255 1348 312 11.

233 423 261 490 Ι.
308 423 329 490 1
357 422 517 579 IPSUM
542 423 596 512 qui
621 422 765 511 promisit
788 421 889 489 solum
912 421 938 488 si
964 427 1151 509 spectamus,
1177 428 1290 508 sponte
1315 421 1349 488 id

412 531 566 609 praestare
583 524 742 611 obligatur
759 523 791 589 in
809 521 893 609 quod
909 521 1043 611 obligari
1059 520 1166 588 voluit
1214 522 1257 585 Ιιι
1269 524 1349 610 fide

68 644 219 697 messura
232 623 314 706 quid
337 623 476 689 senseris
502 645 566 689 non
593 626 674 708 quid
699 625 826 691 diseas
849 624 1070 708 copitaudum,
1096 617 1199 708 inquit
1224 618 1346 687 Cicero.

233 720 299 789 Sed
315 719 390 806 quia
414 720 529 788 interni
553 732 642 789 actus
667 745 725 811 per
748 745 782 788 sc
807 722 993 811 spectabiles
1017 743 1081 787 non
1105 729 1189 800 sunt,
1207 730 1240 788 et
1264 721 1348 788 certi

233 818 353 910 aliquid
369 821 570 888 statuendum
595 832 653 898 est,
672 845 712 889 ne
729 821 815 889 nulla
835 822 877 888 sit
899 820 1059 910 obligatio,
1078 819 1106 886 si
1126 819 1257 908 quisque
1273 843 1348 887 sen·

232 942 301 988 sum
316 943 409 1011 quem
428 921 525 989 rellet
546 921 604 988 sibi
626 922 804 1012 affingeudo
825 922 961 988 liberare
981 928 1163 1007 se‚posset;
1189 920 1259 1007 ipsa
1280 920 1348 987 dio·

231 1027 323 1088 tantc
338 1021 474 1087 naturali
490 1021 612 1088 ratione
629 1022 682 1108 jus
704 1032 754 1088 est
774 1021 813 1097 ei,
832 1020 882 1087 eui
899 1019 974 1107 quid
991 1019 1175 1106 promissum
1192 1029 1252 1098 est,
1269 1043 1347 1108 pro-

230 1119 393 1186 missorem
409 1141 522 1209 eogerc
537 1121 580 1187 ad
596 1121 629 1187 id
645 1121 730 1210 quod
746 1131 834 1188 recta
849 1117 1068 1206 interpretatio
1084 1117 1245 1207 suggerit:
1268 1142 1347 1186 nam

231 1217 349 1305 alioqui
366 1240 418 1284 res
443 1220 562 1286 exitum
586 1243 650 1286 non
673 1220 850 1308 reperiret:
874 1219 958 1306 quod
974 1217 1008 1284 iu
1024 1217 1195 1283 moralibus
1211 1240 1270 1305 pro
1286 1218 1347 1284 im-

230 1316 370 1406 possibili
400 1317 545 1385 habetur.
596 1322 666 1387 Iloc
695 1321 778 1386 forte
808 1342 901 1386 sensu
930 1340 1000 1385 cum
1029 1317 1070 1385 de
1096 1315 1198 1405 pactis
1224 1317 1348 1408 egisset

231 1417 388 1485 Isocrates
408 1419 643 1507 praescriptione
663 1420 814 1486 adversus
838 1417 1072 1496 Callimachum,
1088 1411 1210 1506 τούτῳ,
1229 1417 1345 1506 iuquit,

233 1512 318 1608 νόμῳ
336 1520 429 1607 κοινῷ
453 1513 576 1592 πάντες
593 1513 759 1611 ἄνθρωποι
777 1510 994 1598 διατελοῦμεν
1010 1513 1182 1612 χρώμενοι,
1199 1526 1237 1584 ut
1252 1527 1346 1585 recte

230 1638 303 1683 eum
327 1616 429 1683 locum
456 1618 634 1684 emendarit
664 1619 714 1683 vir
738 1616 990 1684 eminentissimae
1013 1616 1197 1685 eruditionis
1226 1618 1347 1685 Petrus

230 1716 347 1795 Faber,
366 1718 448 1784 ιΙιαο
473 1719 538 1803 [ιρι
560 1722 720 1783 communi
746 1719 890 1784 homines
915 1720 1003 1784 inter
1022 1741 1081 1785 aec
1101 1731 1258 1804 perpetuo
1275 1721 1345 1785 uti-

229 1838 318 1895 mur,
335 1838 394 1883 nec
412 1816 516 1883 Groeci
538 1825 669 1896 tantum,
688 1816 745 1883 sed
770 1825 804 1884 et
824 1817 970 1896 Barbari,
993 1825 1029 1885 ut
1049 1817 1144 1906 paulo
1165 1829 1240 1886 ante
1255 1817 1345 1886 idem

229 1915 364 1983 dixerat

306 2018 328 2083 2
362 2016 436 2082 Huc
457 2014 534 2082 illud
557 2014 694 2103 pertinet
719 2016 751 2081 iu
774 2015 905 2104 antiqua
927 2016 1071 2084 iederum
1095 2014 1230 2082 formula
1253 2017 1344 2105 apud

228 2114 373 2184 Livium:
401 2117 484 2185 Siue
500 2117 574 2183 doio
590 2117 678 2181 molo
703 2118 833 2201 'utique
848 2141 888 2185 ea
904 2120 960 2184 bic
983 2118 1079 2183 bodie
1095 2119 1273 2184 rectissime
1289 2119 1344 2183 ia-

272 2273 282 2304 ¹
298 2276 330 2323 ln
339 2277 394 2322 teto
404 2275 453 2322 isto
463 2273 552 2334 crpus
565 2279 685 2334 perpetuo
698 2289 756 2322 eon·
853 2276 865 2312 δ
878 2277 937 2325 Νοιι
951 2278 1110 2340 promtiore
1126 2290 1181 2338 οπο
1193 2283 1228 2324 est
1242 2291 1273 2324 es
1287 2279 1342 2325 ori·

225 2353 341 2400 ‘modus
362 2352 532 2399 Pursamonr.
552 2352 593 2398 De
614 2352 678 2398 Jure
693 2352 756 2400 Nat.
806 2350 873 2413 pirre]
890 2353 957 2400 Bene
971 2352 1105 2413 Procopius
1118 2352 1342 2403 Vandalicerural.

226 2433 250 2476 et
261 2427 329 2478 eene
342 2427 428 2476 utus.
439 2429 539 2488 esp-12.
550 2441 605 2473 curn
615 2426 688 2474 Notis
699 2442 755 2475 nes·
807 2428 849 2474 ubi
868 2428 899 2476 ds
918 2442 977 2475 roes
1000 2428 1054 2488 agit
1072 2427 1262 2476 scaenarum:
1290 2430 1343 2476 τοῦ

225 2503 279 2552 trie.
308 2503 337 2550 J.
347 2503 382 2551 Β.
807 2500 898 2562 χρόνον
908 2501 956 2549 ‘reis
964 2501 1148 2561 προσηγορίαι,
1168 2501 1211 2562 ἔφ’
1225 2500 1260 2549 οἶν
1280 2503 1341 2550 τέθ-

268 2583 281 2611 ⁸
298 2577 386 2638 Utique
398 2590 428 2623 ea
437 2575 477 2622 bic
491 2573 560 2620 hodie
573 2574 701 2620 rectissime
716 2574 755 2620 e'a·
806 2593 896 2635 ιιηιιι,
907 2575 1001 2630 ἥκιστα
1011 2577 1144 2637 ἀξιοῦντος
1153 2583 1252 2638 τηρεῖν.
1267 2579 1341 2628 date

225 2650 318 2698 &deda
337 2647 404 2710 eunt]
426 2649 493 2695 Vota
516 2648 705 2707 interpretanda,
726 2653 755 2695 nt
806 2654 859 2699 τῶν
881 2652 1044 2712 πραγμάτων
1067 2652 1108 2700 αἰὶ
1131 2655 1342 2715 περιφερομένων

224 2723 385 2772 communiter
400 2726 536 2779 sumuntur,
552 2727 639 2768 noune
656 2723 754 2770 hebrai
804 2724 913 2787 ᾖταῦτα
923 2727 996 2786 dyas
1006 2726 1136 2775 ἐθέλουσιν
1144 2727 1340 2788 ἅνθρωποοτῶν

223 2800 256 2847 ed
266 2800 341 2847 Num.
351 2813 408 2846 xxx.
804 2801 918 2861 πρόοθιν
940 2800 1123 2861 ὠνομασμένον
1144 2803 1341 2863 ὀλιγωροῦντες·

270 2874 327 2921 ¹lu
338 2876 417 2934 Opere
428 2872 593 2930 Senatum,
607 2870 689 2921 le.1.
700 2887 754 2934 esp.
804 2875 892 2937 Longa
908 2876 961 2924 dice
975 2891 1021 2922 ιιοιι
1040 2876 1099 2922 solet
1112 2890 1209 2924 ceraure
1223 2892 1292 2925 uoces
1312 2880 1339 2925 ιἰι

224 2949 350 3002 himine.
380 2949 455 2998 «ΑΒ.
802 2940 1001 3013 ¹quidrreprinueru
1010 2951 1230 2999 metensem:
1241 2960 1339 3002 venua.

501 3217 639 3274 charran
654 3215 734 3271 XVI.
775 3215 820 3290 Of
830 3215 1050 3289 Ireterpretotieu.

280 3323 305 3380 1.
343 3328 359 3377 1
382 3321 465 3378 line
485 3319 593 3390 merely
610 3318 740 3374 consider
753 3318 814 3372 him
831 3318 894 3375 who
909 3319 960 3375 has
975 3320 1127 3393 promised,
1141 3318 1179 3376 he
1193 3319 1218 3375 is
1234 3319 1334 3375 bound

225 3413 257 3464 to
276 3409 410 3481 perform,
431 3406 550 3461 without
565 3404 748 3476 compulsion,
768 3404 830 3458 that
846 3413 876 3461 to
892 3405 983 3461 which
1001 3406 1038 3463 he
1053 3424 1109 3462 wns
1124 3406 1230 3478 willing
1244 3413 1276 3462 to
1296 3407 1335 3462 he

224 3493 330 3550 bound.
374 3495 411 3547 In
430 3493 499 3571 good
514 3493 592 3569 (arith,
607 3493 679 3543 redet
698 3509 750 3560 epu
765 3493 882 3565 tironp'bt
897 3502 945 3546 net
963 3494 1335 3565 manumiss

224 3579 385 3642 musidered,
399 3595 462 3650 says
484 3578 591 3632 Cicero,
629 3578 686 3631 But
706 3577 826 3632 because
841 3579 964 3632 internal
978 3585 1039 3633 acts
1054 3580 1087 3634 of
1100 3578 1268 3634 themselves
1284 3596 1335 3634 are

223 3643 332 3720 ffi
340 3664 434 3734 object
446 3663 479 3718 oi
493 3680 583 3727 sense,
597 3664 654 3717 aud
668 3679 746 3718 some
759 3664 867 3717 certain
880 3664 944 3719 rule
963 3672 1038 3718 must
1052 3665 1089 3720 be
1102 3664 1283 3729 established,
1302 3666 1335 3720 in

223 3751 310 3808 order
324 3750 387 3806 that
398 3751 567 3821 obligations
579 3767 642 3820 may
658 3760 708 3804 not
721 3750 756 3804 be
771 3750 934 3814 t'rustrated‚
949 3767 980 3804 us
995 3750 1063 3821 they
1076 3751 1167 3821 might
1181 3751 1226 3813 bc,
1241 3750 1267 3803 if
1276 3767 1335 3823 any

223 3853 288 3903 ene,
304 3837 343 3909 by
353 3837 524 3910 pretending
541 3853 597 3907 any
616 3852 697 3890 sense
715 3836 749 3890 of
760 3836 803 3890 his
822 3836 912 3890 words
927 3835 1019 3890 which
1034 3836 1071 3891 he
1084 3838 1169 3892 chose
1184 3843 1215 3890 to
1229 3837 1335 3907 assign,

223 3924 307 3980 could
322 3925 384 3979 free
398 3923 528 3986 himself;
550 3922 662 3976 natural
675 3939 775 3978 reason
789 3923 908 3977 diceutes
928 3922 991 3976 that
1010 3921 1086 3977 what
1104 3924 1128 3977 is
1143 3922 1286 3994 promised
1302 3931 1334 3979 to

222 4026 281 4082 any
291 4026 355 4074 one,
363 4010 487 4080 compels
497 4008 545 4063 the
556 4009 696 4082 promiser
707 4017 736 4062 to
748 4008 943 4080 tthElffl
954 4009 1336 4082 rightincerpretntionsug.

222 4102 312 4167 gests;
323 4095 370 4150 for
376 4096 524 4150 otherwise
533 4094 581 4149 the
591 4105 695 4149 matter
704 4096 795 4149 would
805 4095 876 4150 hare
885 4113 922 4149 no
931 4096 1119 4150 determinate
1129 4097 1228 4160 result3
1240 4095 1336 4152 which

222 4182 252 4236 in
265 4183 356 4238 moral
368 4191 484 4237 matters
497 4183 519 4236 is
532 4181 598 4235 held
611 4188 641 4235 to
654 4181 691 4235 be
703 4182 873 4252 impossible.
902 4181 1029 4252 Perhaps
1042 4182 1065 4234 ic
1074 4200 1129 4237 was
1142 4185 1171 4237 in
1182 4183 1239 4237 this
1251 4200 1336 4239 sense

221 4269 286 4325 that
305 4270 452 4333 Isocrates,
470 4269 593 4338 trenting
609 4268 642 4322 of
656 4278 743 4338 pacta,
758 4269 845 4338 spolio
860 4269 894 4321 of
909 4269 949 4322 tle
970 4286 1091 4323 commea
1111 4270 1171 4327 rarle
1190 4270 1276 4325 ecdicii
1293 4272 1337 4326 all

222 4357 332 4413 obseres.
379 4356 418 4410 So
432 4356 518 4428 Livy:
541 4357 597 4410 siae
611 4355 671 4408 delo
686 4355 759 4408 molo
775 4355 912 4410 irreclleeto.

284 4449 302 4497 2
324 4440 386 4498 The
398 4458 528 4497 measure
541 4442 574 4497 of
589 4441 665 4514 right
679 4442 905 4514 interpretation,
917 4443 941 4498 is
956 4443 1004 4500 the
1017 4460 1150 4519 purpose,
1162 4461 1193 4500 as
1207 4444 1338 4501 inserted
