2828 4920
68 206 148 263 Car.
163 203 245 274 XX]
528 205 580 261 DE
604 207 742 262 POENIS.
1133 200 1196 263 305

76 368 237 436 bertatem
256 366 419 456 judicandi
435 375 533 457 auget
554 375 611 434 aut
632 367 753 446 minuit,
774 367 931 434 interdum
951 374 983 432 et
1004 367 1195 454 pravitatem

78 469 178 535 animi
195 468 342 535 ostendit.
388 469 531 547 Qualitas
548 468 663 555 partim
682 469 723 534 ad
741 491 860 559 genera
882 468 1078 556 appetituum
1095 469 1196 535 reser-

79 579 146 646 tur‚
172 569 289 658 partim
309 570 352 636 ad
377 591 487 636 causas
504 591 576 656 quae
600 570 787 636 abstrahere
807 592 827 636 a
844 569 1001 657 peccando
1027 569 1193 636 debebant.

82 671 253 749 Quantitas
278 691 403 758 quoque
428 670 471 736 ad
495 671 671 758 appetitum
693 671 862 737 reserenda
887 679 944 737 est.
987 670 1129 738 Euentus
1151 670 1195 737 ad

80 793 192 837 causas
209 771 438 838 abstrahentes.

160 872 352 938 XXXVIII.
406 870 515 938 Selene
532 892 634 959 poenae
651 871 838 959 expetenda
858 892 952 938 causa
968 808 1052 939 bella
1068 841 1191 961 suscipi,

80 980 116 1040 et
133 994 230 1061 supra
247 973 439 1039 ostendimus
456 979 489 1036 et
505 973 621 1058 passim
639 972 752 1038 docent
769 972 833 1039 hist
820 972 929 1039 toriae.
955 993 993 1038 ac
1008 973 1193 1060 plerumque

79 1073 150 1139 haec
170 1094 265 1139 eausa
281 1071 382 1138 altera
405 1071 445 1138 de
467 1071 582 1137 damno
600 1072 777 1159 reparando
798 1073 963 1161 conjuncta
983 1082 1041 1149 est,
1065 1073 1192 1160 quando

79 1173 165 1240 idem
183 1183 271 1240 actus
288 1183 322 1239 et
335 1172 464 1240 vitiosus
481 1171 541 1238 fuit
558 1181 592 1238 et
608 1173 755 1238 damnum
772 1172 877 1260 reipsa
891 1172 1007 1251 intulit,
1023 1195 1063 1238 ex
1080 1173 1193 1260 quibus

80 1275 204 1340 duabus
221 1272 424 1361 qualitatibus
442 1273 513 1338 duae
531 1273 665 1338 diversae
682 1282 853 1338 nascuntur
868 1273 1086 1362 obligationes.
1118 1274 1192 1340 Non

79 1397 149 1440 esse
174 1383 281 1441 autem
301 1373 384 1440 bella
404 1372 600 1458 suscipienda
625 1374 665 1439 ob
683 1372 797 1439 delicta
812 1373 932 1459 quaevis
955 1373 1031 1439 satis
1050 1380 1192 1441 constat:

78 1497 153 1542 nam
171 1497 211 1541 ne
235 1473 323 1563 leges
338 1473 464 1562 quidem
487 1495 575 1540 suam
592 1473 678 1539 illam
695 1472 854 1550 ultionem,
879 1494 951 1560 quae
964 1482 1036 1540 tuto
1058 1496 1117 1540 nec
1132 1473 1192 1540 nisi

78 1576 263 1642 nocentibus
280 1585 381 1652 nocet,
404 1574 548 1640 omnibus
562 1573 660 1661 culpis
677 1572 871 1662 impendunt.
917 1575 1028 1652 Recte,
1046 1582 1082 1641 ut
1098 1572 1192 1640 modo

78 1676 223 1753 diximus,
254 1676 390 1763 Sopater
418 1684 510 1763 oport
511 1697 567 1741 ere
596 1674 651 1751 ait,
675 1696 714 1741 ca
743 1695 815 1761 quae
840 1673 962 1741 minora
987 1683 1021 1740 et
1043 1672 1192 1764 ‘vulgaria

77 1785 153 1842 suut
170 1777 285 1842 delicta
302 1774 499 1852 dissimulari,
517 1797 579 1840 non
595 1773 757 1841 vindicari.

155 1877 314 1942 XXXIX
360 1880 378 1941 1
416 1875 572 1941 Illudt
516 1899 557 1941 an
559 1883 622 1941 tem
638 1873 756 1961 quod
747 1897 780 1940 m
799 1874 939 1943 oratione
953 1898 1012 1964 pro
1022 1875 1192 1943 Rhodien-

77 1978 164 2044 sibus
181 1999 201 2044 a
217 1978 338 2044 Catone
352 1976 470 2043 dietum
486 1975 555 2053 fnit,
572 1997 635 2041 non
652 1997 720 2041 esse
737 1997 861 2062 aequum
878 1998 986 2063 poenas
1002 1998 1190 2064 quemquam
1203 1995 1257 2038 oen
1267 1996 1330 2037 vna

77 2080 157 2145 dare
182 2077 223 2144 ob
249 2100 319 2144 eam
344 2099 412 2143 rem
438 2076 523 2163 quod
547 2084 703 2164 arguatur
728 2075 810 2142 male
835 2076 948 2143 facere·
965 2077 1109 2154 voluisse,
1133 2099 1191 2144 suo

77 2179 205 2267 quidem
221 2178 289 2245 loeo
306 2200 369 2244 non
391 2177 472 2242 male
490 2183 560 2242 erat
577 2175 723 2263 positum,
748 2175 955 2262 quianullum
978 2176 1085 2265 populi
1104 2176 1192 2244 Rho·
1293 2181 1299 2190 '

77 2278 195 2346 diensis
212 2279 373 2345 decretum
390 2277 509 2343 adferri
524 2285 660 2364 poterat,
685 2276 743 2342 sed
759 2275 854 2341 animi
878 2277 1056 2343 fluctuantis
1071 2275 1191 2365 conjec-

76 2389 178 2448 tura:
205 2378 426 2446 universaliter
452 2385 558 2443 autem
588 2376 648 2442 hoe
670 2376 884 2464 recipiendum
909 2398 973 2442 non
995 2384 1054 2443 est.
1106 2378 1191 2443 Nam

76 2481 224 2549 voluntas
248 2502 320 2568 quae
341 2479 383 2546 ad
402 2486 550 2544 externos
573 2483 663 2544 aetus
688 2477 839 2566 processit
862 2476 1016 2562 (internos
1039 2475 1122 2543 enim
1148 2478 1191 2544 ab

74 2663 102 2708 in
116 2659 196 2708 ranis
209 2658 321 2720 pollicit.
345 2655 519 2716 (Pag.805m)
544 2654 609 2703 Cum
660 2658 701 2702 tor
717 2655 790 2702 tacite
804 2655 914 2717 sequitur
930 2656 1122 2705 emendationem
1139 2671 1193 2706 reo·

74 2738 113 2784 hIs
130 2735 244 2783 convenit
265 2733 330 2794 quod
348 2746 378 2778 ex
395 2732 509 2799 Labeone
528 2731 609 2777 adfert
660 2736 711 2778 tam
726 2731 858 2792 (quidquid
874 2732 939 2779 dicat
949 2737 1082 2794 perpetuus
1095 2735 1191 2782 obtm.

74 2809 222 2872 UlpInnusL
237 2812 329 2868 praetor
339 2806 421 2863 edixit,
435 2808 460 2854 t.
475 2805 500 2851 in
515 2805 563 2852 tine
575 2805 608 2851 D.
659 2809 726 2852 tator
743 2807 801 2854 GuI
818 2807 955 2866 Pomerius,
977 2809 1060 2858 Select.
1076 2824 1095 2859 1.
1110 2814 1149 2858 21.
1166 2816 1192 2860 et

72 2886 217 2947 deiujuriis.
237 2885 348 2931 Persona
357 2883 464 2930 atrocior
471 2881 563 2940 r'njurr'a
565 2883 608 2942 fit,
659 2887 716 2943 post
723 2883 825 2930 eumulii
832 2884 977 2946 praejudiciis
984 2886 1109 2947 obcaecati)
1119 2888 1192 2934 Sum·

73 2959 323 3021 utenmmoqistratnt
335 2958 495 3018 comparenti,
501 2963 607 3018 patrono
658 2959 692 3005 mi
707 2959 822 3017 Cernen,
838 2961 880 3020 qni
897 2974 943 3021 pro
958 2961 1081 3009 Pnoetoris
1095 2963 1122 3010 in
1135 2977 1192 3012 eoo·

64 3039 135 3099 stot5
150 3043 260 3097 tempore,
274 3033 297 3080 ei
312 3033 377 3081 iadis
390 3039 413 3079 et
427 3034 453 3079 in
467 3038 606 3094 compertu.-
657 3040 745 3096 rpectn,
759 3035 890 3096 legendum
907 3037 1010 3095 censuit,
1029 3039 1123 3100 Populi
1138 3039 1192 3087 lto-

72 3130 130 3162 nam
139 3112 227 3174 populi
238 3109 342 3158 Romani
356 3110 382 3156 in
396 3114 519 3168 conspectu
534 3123 567 3154 on
581 3109 607 3155 e'n
657 3112 724 3157 moni
733 3111 759 3157 in
769 3116 900 3172 conspeetu,
915 3125 1074 3175 erroremque
1080 3129 1112 3163 ex
1123 3115 1192 3178 siglis

71 3191 201 3240 solitudine
215 3187 306 3246 injurio
314 3186 389 3248 sacto
404 3187 445 3241 eit,
460 3185 557 3232 muitum
567 3185 605 3231 ia·
656 3190 739 3234 ortum
749 3187 932 3238 demonstravit.
961 3187 1043 3252 J.B.]

72 3274 158 3315 teresse
167 3266 212 3314 ait.
232 3263 274 3326 [In
285 3263 330 3310 hac
337 3262 403 3322 Lege
410 3260 606 3309 laudandeAuc·

73 3515 201 3586 damage,
216 3511 297 3567 when
311 3511 362 3568 the
376 3529 454 3568 same
469 3517 516 3569 act
535 3530 592 3570 was
606 3512 678 3570 botb
695 3514 802 3569 ricinus
819 3513 875 3569 and
893 3513 1040 3587 produced
1053 3515 1188 3587 damagec

73 3601 148 3678 from
166 3599 259 3654 which
279 3609 334 3654 two
355 3600 487 3670 qualitIes
502 3607 558 3656 two
576 3601 710 3656 different
724 3601 894 3673 obligatIons
908 3602 990 3657 nrise.
1029 3601 1105 3658 That
1119 3618 1190 3658 wara

73 3705 122 3744 are
137 3693 188 3742 not
204 3694 233 3743 to
246 3687 282 3741 bc
296 3686 474 3741 undertaken
486 3686 533 3741 for
545 3705 630 3760 every
641 3688 723 3752 fault,
735 3688 759 3742 is
777 3688 894 3742 ebrinus
909 3687 1040 3760 enough3
1058 3689 1103 3744 for
1117 3705 1190 3744 eren

74 3775 124 3830 tho
135 3775 202 3829 lews
221 3773 257 3828 do
274 3780 324 3827 not
339 3773 425 3844 apply
437 3772 513 3828 theIr
531 3773 684 3829 vindictive
699 3775 847 3846 operation
863 3782 893 3829 to
912 3774 951 3829 oll
965 3775 1062 3841 faults,
1079 3773 1190 3847 though

73 3861 141 3934 they
151 3861 218 3933 only
226 3860 308 3914 harm
321 3858 370 3913 the
382 3860 482 3930 guilty.
513 3859 581 3914 This
596 3862 620 3915 is
632 3860 717 3930 right,
729 3877 760 3914 as
772 3877 813 3915 wo
825 3859 897 3916 haro
909 3861 977 3915 said.
1007 3862 1046 3917 So
1057 3863 1188 3933 Sopater.

127 3945 272 4002 XXXIX.
311 3953 325 4000 1
348 3945 435 4000 ll'hat
448 3946 519 4000 Cato
532 3946 592 4000 said
603 3946 649 4001 t'or
662 3946 711 4002 the
723 3945 878 4012 Rhodians,
890 3947 952 4003 that
964 3947 988 4002 it
998 3964 1054 4003 was
1066 3955 1118 4003 not
1126 3949 1190 4020 just

72 4033 136 4089 that
155 4050 173 4087 a
192 4049 297 4104 person
312 4031 414 4086 should
430 4031 466 4086 be
480 4032 620 4104 punished
637 4033 683 4088 for
703 4033 753 4089 the
774 4034 828 4088 evil
847 4033 938 4089 which
955 4033 993 4089 he
1007 4051 1064 4090 was
1078 4033 1190 4106 alleged

72 4120 141 4192 only
156 4128 186 4175 to
201 4119 274 4173 hare
288 4117 393 4173 wished
409 4127 439 4173 to
455 4118 500 4182 do,
524 4136 578 4175 was
594 4127 645 4175 not
666 4121 697 4174 ill
712 4126 764 4192 put
779 4121 808 4174 iu
821 4121 857 4176 its
872 4138 935 4176 own
958 4120 1048 4192 placo,
1066 4120 1189 4176 because

72 4223 110 4261 no
125 4206 227 4261 deeree
240 4206 273 4259 of
285 4205 334 4260 the
349 4204 496 4259 Rhodiam
512 4203 669 4277 [declaring
682 4224 739 4260 war
756 4208 867 4277 against
881 4206 931 4261 the
946 4203 1094 4274 Romans]
1103 4205 1189 4262 could

72 4294 108 4349 bo
123 4292 262 4357 addueed,
275 4293 328 4348 but
347 4293 415 4364 only
430 4292 604 4361 conjectures
626 4293 659 4346 ot
675 4310 693 4347 a
710 4293 879 4364 tluetuating
899 4292 994 4348 mind:
1014 4293 1067 4348 but
1085 4292 1142 4348 this
1164 4293 1189 4348 is

71 4386 123 4436 not
140 4380 313 4454 universaily
325 4386 355 4435 te
367 4379 405 4436 be
416 4378 556 4435 received.
601 4378 659 4435 For
673 4378 724 4435 the
737 4379 794 4434 will
808 4378 901 4436 ahloh
913 4378 965 4436 has
978 4378 1139 4454 proceeded
1157 4383 1188 4437 to

175 4538 293 4629 [onor.
313 4541 364 4631 m]
1040 4490 1085 4556 2⁰
