2828 4920
64 268 137 324 cn.
151 265 232 339 xre]
515 269 568 326 nn
592 270 722 327 rmum

242 436 392 494 Interdum
406 445 457 495 aut
470 440 579 496 loribus
593 440 689 498 ridear
703 441 853 514 flagrantia
867 442 986 501 eauairr'

245 527 501 599 Quantulacunque
515 528 588 584 adeo
603 537 647 584 est
662 530 782 594 occasio,
793 531 895 585 sufficit
910 531 968 586 irae.

243 613 418 685 Chrysippus
432 631 491 669 non
506 615 582 670 dicet
596 615 682 681 idem,
696 633 749 671 nec
764 616 834 672 mite
849 616 977 674 Thaletis

242 699 402 770 Ingenium,
418 701 550 775 dulcique
564 718 650 758 senex
664 702 771 758 ricinus
786 703 933 776 Hymetto,

243 785 300 850 Qui
313 793 426 858 partem
440 795 564 862 acceptae
579 806 652 844 saera
667 790 743 846 inter
756 789 849 846 vinela
863 791 964 847 cicutae

242 872 409 929 Accusatori
423 875 513 931 nollet
528 876 605 932 dare.
651 876 780 931 Plurima
793 876 864 933 felix

242 959 387 1016 Paulatim
401 963 469 1018 vitia
483 969 569 1034 atque
584 978 694 1019 errores
709 963 787 1020 exuit
801 979 908 1030 omnen,

242 1047 340 1102 Prima
354 1048 439 1105 docet
452 1055 563 1106 rectum
578 1050 733 1122 capientia:
759 1051 866 1123 quippe
879 1049 982 1106 minuti

244 1135 365 1208 Semper
378 1143 409 1192 et
422 1137 527 1192 infirmi
541 1142 585 1192 est
599 1138 688 1192 animi
701 1138 851 1210 exiguique
865 1137 997 1211 voluptas

156 1247 159 1253 ·
242 1222 340 1279 Ultio:
366 1225 501 1279 continuo
516 1224 556 1279 sic
571 1223 681 1296 collige,
695 1225 772 1297 quod
786 1224 911 1281 vindicta

242 1305 354 1366 ‘¹Ncmo
368 1312 458 1383 magia
472 1311 578 1384 gaudet
592 1327 678 1384 quam
692 1311 807 1368 lomina.

56 1407 188 1473 Eodem
202 1429 295 1474 sensu
312 1409 513 1478 Lactantius:
533 1412 681 1497 imperiti
698 1423 729 1478 et
745 1412 935 1497 inaiprientee
946 1410 1110 1498 riquardo
1125 1433 1180 1479 oc»
1191 1425 1314 1470 mlt-

56 1510 196 1594 cipiunt
214 1510 375 1593 injurium
397 1533 480 1578 coeco
501 1523 532 1578 ct
554 1513 790 1578 irrationabili
801 1514 925 1598 furore
946 1513 1122 1589 ducuntur,
1147 1524 1180 1580 et

55 1611 110 1674 iic
126 1611 186 1693 qui
202 1610 268 1676 cibi
284 1622 397 1676 necent
412 1613 514 1678 uicem
530 1613 707 1678 retribuere
723 1624 893 1678 conaretur.

138 1712 162 1773 4
196 1707 312 1795 Liquet
334 1731 412 1798 ergo
428 1710 470 1777 ab
484 1710 608 1776 homine
623 1709 780 1777 hominem
797 1732 860 1776 uon
880 1717 967 1776 reete
983 1706 1090 1797 puniri
1109 1717 1179 1778 tan·

55 1816 132 1874 tum
150 1807 301 1895 puniendi
317 1829 431 1877 eausa:
449 1832 520 1899 qun
531 1833 609 1900 ergo
622 1810 774 1878 utilitates
789 1819 908 1877 rectam
921 1808 1038 1876 iaciant
1052 1831 1178 1900 poenam

56 1908 236 1976 videamus.
1213 1988 1215 1995 Ι

140 2009 197 2075 Vl.
241 2011 261 2074 1
296 2008 441 2075 Pertinet
462 2015 567 2075 autem
589 2011 652 2078 hue
683 2032 848 2099 poenarum
872 2007 1010 2099 partitio,
1034 2031 1106 2099 quae
1129 2017 1179 2077 est

55 2108 151 2197 apud
169 2109 335 2175 Platonem
350 2107 479 2198 Gorgia,
497 2119 530 2175 et
547 2110 686 2177 Taurum
701 2110 919 2198 philosophum
934 2109 977 2175 ad
989 2132 1061 2176 eum
1076 2108 1177 2175 locum

55 2210 153 2297 cujus
174 2209 273 2275 verba
294 2209 415 2275 Gellius
437 2206 550 2275 recitat
569 2209 651 2277 libro
668 2233 712 2276 rr.
731 2232 798 2298 cap.
817 2209 880 2275 xiv.
900 2232 972 2275 nam
993 2207 1179 2297 partitiones

54 2309 135 2376 istae
152 2331 191 2375 ex
208 2309 269 2376 fine
286 2310 438 2376 desumtae
459 2317 542 2386 sunt,
560 2309 620 2376 nisi
639 2311 810 2397 quodcum
827 2309 905 2375 duos
923 2309 1000 2374 fines
1016 2309 1107 2376 Plato
1121 2331 1179 2398 po·

55 2409 185 2488 suisset,
212 2409 461 2475 emendationem
486 2418 519 2475 et
544 2409 732 2498 exemplum,
756 2409 885 2476 tertium
907 2408 1029 2476 addidit
1054 2409 1178 2476 Taurus

55 2514 73 2546 ¹
80 2513 250 2603 τιμωρίαν,
276 2531 370 2597 quam
389 2508 533 2576 Clemens
555 2509 787 2576 Alexandrinus
812 2507 930 2587 definit,
956 2511 1053 2578 κακοῦ
1074 2505 1328 2584 ‹iera-raama

58 2604 131 2680 vil
150 2640 202 2680 σιν
231 2611 274 2682 eie
303 2608 347 2679 ‘ri
373 2612 436 2678 τοῦ
468 2613 691 2703 τιμωροῦντος
718 2601 889 2705 συμφέρον
918 2604 1175 2704 ἀναφερομένην·

56 2713 149 2777 ntuli
173 2712 417 2777 retributionem
450 2733 522 2796 quae
547 2712 594 2774 act
620 2712 780 2796 eminentia
808 2711 990 2776 utilitatem
1023 2712 1176 2796 refertur.

56 2810 259 2887 Aristoteles,
285 2810 340 2898 qni
362 2808 474 2875 omissa
499 2830 591 2897 poena
608 2807 789 2896 exemplari,
816 2808 896 2876 hane
917 2808 1017 2875 solum
1041 2810 1176 2898 speeiem
1331 2896 1334 2900 λ

56 2935 134 2978 cum
164 2910 380 2978 emendatione
407 2909 505 2998 ponit,
536 2909 680 2976 adhiberi
706 2930 775 2974 eam
801 2908 886 2987 dicit,
913 2911 983 2979 τοῦ.
1004 2913 1175 2987 ποιοῦντος
1188 2944 1311 2987 minu

56 3093 92 3140 de
113 3092 160 3138 Ira
179 3092 214 3138 rio
232 3089 356 3151 loquitur:
379 3090 442 3137 harre
458 3103 509 3137 erre
527 3089 595 3136 ulcus
643 3087 703 3134 nori.
736 3085 811 3148 (Cap.
827 3087 849 3135 ⁷.
863 3100 922 3148 pag.
939 3086 995 3136 636.
1020 3087 1076 3146 Ed.
1097 3087 1175 3139 Vates.

56 3168 138 3214 αοίοιι·
162 3166 307 3223 diuturnum,
331 3166 493 3226 interdumque
507 3177 595 3224 perpe·
646 3161 735 3222 Gron.)
979 3171 984 3177 ·

57 3239 595 3302 taumprudenterdefininnt,nnaciexrnentix
689 3235 852 3298 ῐΤιμωρῖαν]
876 3237 934 3285 'l’ria
953 3238 1014 3296 hnc,
1033 3239 1175 3308 puniretar,

57 3320 161 3366 mollitie
177 3322 316 3372 contactum,
331 3317 359 3361 id
373 3321 502 3362 crementes
518 3329 593 3374 arqu-
643 3313 775 3372 τιμωρίαν,
792 3313 908 3369 κόλασιν,
924 3315 1124 3373 emendationem,
1136 3331 1176 3364 aa·

56 3399 135 3441 rnente
142 3394 273 3453 probabili
286 3391 352 3451 quod
361 3389 527 3437 iracundiores
537 3392 592 3435 crant
643 3388 812 3444 tisiactionem,
833 3389 979 3448 exemplum,
1001 3390 1074 3435 eliam
1096 3391 1175 3452 Chry.

57 3468 216 3516 incolumibus
228 3466 346 3528 lanquidr',
368 3471 390 3512 et
398 3465 500 3525 ,feminee
515 3465 593 3510 rneri-
643 3472 763 3513 costomus
780 3479 850 3524 ponit
864 3465 888 3510 in
900 3468 913 3510 l
924 3464 955 3510 ad
970 3464 1081 3512 Corinth.
1091 3468 1123 3515 xl.
1135 3471 1175 3519 32.

58 3535 591 3602 hae,etjaeenitauenes‚etseiicitroeoemrn·
643 3540 910 3601 (Tomunpagdit,
920 3542 973 3588 425.
1004 3539 1055 3589 Ed.
1067 3540 1160 3605 Socii.)

114 3795 132 3847 3
161 3790 189 3846 lt
210 3790 234 3846 ia
248 3791 393 3847 therefore
408 3796 541 3860 contrary
561 3794 592 3842 to
615 3787 664 3843 tho
679 3794 744 3842 true
765 3787 918 3843 naturaei
935 3804 1001 3843 man
1024 3789 1120 3861 acting
1134 3806 1173 3846 on

58 3883 181 3942 manrto
196 3878 257 3932 lind
270 3877 445 3933 satisfaction
460 3877 490 3930 in
502 3875 552 3930 tho
566 3874 634 3946 pain
648 3874 682 3929 oi
693 3873 815 3928 another
828 3890 941 3946 perron,
954 3891 985 3929 ae
999 3874 1077 3946 pain.
1116 3875 1172 3931 See

56 3963 181 4019 Juvenal
195 3980 233 4018 ou
248 3965 392 4034 Rei-enge.
427 3959 499 4034 [Sat.
512 3977 574 4016 x111.
587 3958 663 4027 leo]
708 3961 747 4014 So
759 3961 933 4016 Lactantius.

117 4049 316 4128 tfflreloro
334 4046 776 4118 memienntriglnlnpmiiehcd
793 4047 830 4101 br
846 4064 912 4101 man
928 4045 1036 4118 merely
1056 4045 1103 4101 for
1120 4045 1171 4104 tho

57 4135 127 4190 aako
147 4133 181 4188 of
201 4134 368 4206 punishing:
404 4135 444 4190 lot
463 4152 494 4191 ua
512 4150 561 4189 aee
578 4133 648 4188 thou
667 4105 1151 4207 witam
988 4139 1172 4204 punt

57 4219 167 4360 “lg'‘hlll.
208 4311 222 4360 l
248 4306 291 4361 To
305 4306 362 4362 this
376 4306 487 4378 subject
500 4308 626 4380 portaine
638 4305 688 4362 the
704 4305 823 4360 division
838 4305 872 4361 of
883 4303 1065 4377 punishment
1077 4305 1171 4364 stated

56 4395 86 4449 in
102 4390 209 4447 Plato’s
227 4393 355 4464 (loreia,
376 4395 433 4448 und
453 4395 563 4451 Taurus
581 4412 619 4451 on
638 4394 687 4451 tho
707 4394 796 4466 place,
814 4409 845 4446 aa
867 4392 971 4464 quoted
990 4391 1029 4464 by
1044 4391 1170 4452 Gelliuet

55 4480 149 4536 which
163 4479 315 4536 divisionis
328 4481 415 4536 taken
427 4482 502 4537 srom
517 4482 567 4538 tho
578 4483 635 4538 end
650 4482 684 4538 of
691 4479 874 4554 punishment
884 4498 892 4543 3
904 4484 1005 4550 except
1016 4478 1079 4536 that
1087 4479 1172 4541 while
