2828 4920
45 245 122 301 Gar.
137 239 251 314 xxm]
397 245 450 300 DE
474 245 611 301 cansIs
634 245 820 302 INJUSTIS.
1103 237 1168 301 395

45 410 113 479 tis:
140 412 204 479 sive
221 412 306 501 quod
328 413 412 480 aliud
431 413 590 500 quiddam,
615 436 679 480 non
704 413 844 478 illicitum
868 433 927 500 per
944 433 987 494 se,
1014 409 1115 501 magis
1136 419 1171 478 et

46 513 252 602 principalius
273 513 410 580 animum
442 524 546 581 movet
575 536 670 602 qnam
695 513 748 601 jus
777 514 889 602 ipsum,
916 522 994 600 puta
1024 509 1171 578 ahonoris

48 614 202 692 studium,
227 624 284 682 aut
299 615 418 681 utilitas
434 615 549 702 aliqua,
576 615 643 681 sive
660 614 786 702 privata
807 614 874 680 sira
890 613 1023 701 publica,
1042 635 1113 700 quae
1129 632 1170 678 ex

48 715 136 780 bello
153 714 220 802 ipso
233 716 362 781 seorsim
377 737 397 781 a
414 737 507 781 eausa
525 737 581 781 sua
593 715 730 802 justifica
745 714 940 780 considerato
953 723 1169 801 exspectatur:

50 814 122 882 sive
137 815 222 902 quod
239 817 329 882 adest
346 817 475 882 affectus
491 816 584 903 plane
600 816 737 893 illicitus,
754 824 791 882 ut
807 812 956 904 gaudium
973 813 1170 901 acquiescen-

50 915 96 984 tis
116 915 150 982 in
167 916 248 982 malo
265 917 365 982 alieno
388 916 454 982 sina
471 916 545 982 boni
566 925 720 1004 respectu.
770 916 821 981 Sic
844 913 997 980 Aristides
1014 915 1054 980 de
1075 913 1169 980 socie·
1182 926 1322 1019 {gpgprn

50 1025 122 1084 tate
137 1017 283 1095 secunda,
301 1017 477 1084 Phocenses
491 1017 537 1083 ait
551 1018 663 1084 morito
681 1014 818 1105 periisse,
837 1024 872 1082 at
889 1036 951 1080 non
965 1015 1045 1081 bene
1061 1013 1170 1081 fecisse

51 1117 246 1205 Philippum,
273 1140 343 1184 cum
360 1140 414 1183 eos
431 1116 589 1205 perderet,
607 1117 724 1206 quippe
740 1139 803 1183 non
820 1114 965 1206 religioni
981 1114 1170 1195 studentem,

52 1217 141 1305 quod
158 1218 356 1305 praeferebat,
374 1217 430 1284 sed
447 1217 593 1307 augendo
609 1217 750 1307 imperio.

133 1321 154 1384 2
196 1321 272 1387 llrra
293 1331 323 1386 et
340 1341 381 1386 ea
396 1331 487 1386 vetas
504 1341 608 1386 causa
626 1319 772 1386 bellandi
788 1329 845 1395 eat,
870 1313 970 1404 inquit
996 1313 1169 1394 Sallustius,
1186 1337 1337 1388 maeres

46 1422 225 1508 prfflmda
255 1421 377 1506 cupido
404 1421 537 1507 imperii
564 1432 594 1486 et
621 1421 832 1486 divitiarum.
886 1420 1024 1484 datram
1047 1430 1079 1485 et
1097 1439 1172 1503 epea

48 1522 232 1608 machaea
249 1522 405 1587 bellarum
420 1543 538 1598 causa,
555 1520 641 1608 apud
656 1518 818 1586 Tacitum:
835 1528 869 1587 et
885 1518 919 1584 in
935 1517 1113 1608 tragoedia:
1185 1533 1329 1630 ganam

342 1642 459 1714 Rupere
472 1642 555 1697 fedus
570 1642 674 1716 impius
688 1640 761 1697 lucri
775 1639 865 1707 furor,
1185 1628 1255 1668 rma

341 1729 380 1784 Et
394 1731 438 1784 ira
451 1745 585 1802 preceps.

58 1831 130 1910 Quo
148 1836 181 1896 et
198 1826 367 1918 Augustini
382 1827 460 1895 illud
475 1839 563 1894 recta
580 1825 720 1894 referas:
738 1826 1073 1912 aoceadi'cupiditaa,
1090 1825 1173 1890 alci-
1185 1837 1337 1929 fggfrffgwt

55 1928 169 1999 scendi
182 1931 372 2007 erudelitas,
390 1931 592 2017 implacatus
605 1941 636 1995 et
653 1927 880 2015 implacabilis
897 1926 1174 2012 animatafiritaa

56 2033 249 2108 rebellandi,
274 2032 377 2097 libido
402 2032 608 2107 dominandi,
632 2043 664 2095 et
690 2031 722 2095 ai
747 2050 819 2117 qua
835 2039 915 2095 aunt
941 2027 1079 2104 similia,
1104 2027 1174 2093 tae

56 2145 133 2200 suot
151 2134 280 2219 quain
298 2133 390 2198 bellis
399 2132 476 2216 jare
493 2132 680 2217 crispantur.

133 2235 155 2298 3
191 2232 256 2298 Sed
266 2232 342 2311 haec,
360 2231 414 2297 ubi
426 2252 519 2297 causa
531 2229 668 2316 justifica
680 2251 744 2294 non
761 2228 859 2306 deest,
873 2233 1034 2314 peecatum
1047 2224 1173 2314 quidem
1186 2241 1336 2329 gagg-3333

57 2340 207 2422 arguunt,
232 2331 332 2420 ipsum
357 2341 462 2398 tamen
490 2331 605 2397 bellum
629 2327 757 2416 proprie
779 2327 929 2416 injustum
951 2349 1014 2393 non
1036 2326 1338 2430 faciuntcggffiq·

57 2433 143 2500 unde
160 2454 217 2498 nec
234 2454 275 2498 ex
292 2432 348 2499 tali
365 2431 446 2498 belle
461 2429 616 2498 restitutio
632 2430 777 2497 debetur.
939 2514 943 2519 ἢ
1187 2427 1308 2512 illitis,

1187 2519 1276 2566 Bellum,
1285 2528 1306 2558 n.
1316 2519 1334 2559 2

57 2595 174 2643 librorrr.
188 2593 218 2640 de
230 2592 334 2641 civitate
342 2592 399 2650 Dei,
409 2607 462 2654 cap.
473 2595 511 2641 14.
542 2594 591 2642 Sa·
641 2594 737 2654 Repete
747 2606 802 2653 qna
811 2607 842 2639 ex
852 2593 961 2654 Agathla
970 2592 1174 2654 supraponimus
1187 2566 1343 2659 mmlx,

57 2670 109 2716 tius
121 2683 169 2716 me
183 2669 306 2728 cujustibet
320 2669 409 2716 inertie
420 2683 505 2728 panas
519 2670 592 2727 tuere,
642 2670 682 2716 hic
691 2671 722 2716 ad
732 2669 779 2730 53.
807 2669 869 2730 [Sed
879 2671 904 2717 in
919 2670 968 2717 illis
980 2670 1042 2717 locis
1055 2669 1121 2717 bella
1135 2683 1174 2716 ar·
1186 2660 1244 2742 ζῶ
1255 2704 1303 2744 m
1313 2702 1340 2743 g

57 2760 132 2809 wara
139 2745 236 2792 illenim
244 2744 474 2806 amaommyloriam
481 2757 592 2805 querere.
642 2751 752 2805 guantur
762 2758 806 2807 per
815 2759 841 2792 se
851 2745 948 2807 injusta.
977 2745 1008 2794 Ι.
1019 2745 1065 2808 3.]
1187 2759 1209 2789 ¹¹·
1218 2751 1237 2788 ἃ
1247 2753 1269 2789 et
1277 2751 1296 2788 8

1187 2795 1317 2843 Thomu.

1187 2843 1245 2883 raa

114 2977 211 3033 XVII.
251 2982 266 3032 1
289 2977 342 3033 We
354 2983 431 3034 must
440 2977 553 3033 remark
562 2976 621 3032 also
629 2976 693 3032 that
703 2977 760 3033 this
772 2976 852 3033 osten
863 2976 1006 3049 happens3
1019 2975 1084 3033 that
1094 2975 1177 3034 there

61 3064 86 3120 is
105 3081 123 3119 a
136 3066 198 3135 just
212 3081 297 3120 cauae
314 3065 404 3137 really
419 3067 539 3136 existing
553 3065 599 3120 sor
617 3062 667 3119 tha
684 3081 751 3129 war,
764 3064 817 3119 bnt
836 3063 900 3120 that
913 3063 964 3120 tha
977 3064 1093 3136 putting
1107 3064 1131 3119 it
1144 3064 1177 3119 in

61 3153 157 3206 action
169 3151 302 3207 becomes
314 3151 419 3207 viciens
430 3151 505 3206 from
517 3151 567 3205 the
581 3151 722 3206 intention
734 3150 768 3206 of
777 3150 827 3206 the
838 3156 940 3223 agente
954 3151 1047 3207 either
1054 3150 1177 3207 because

62 3238 224 3309 something
237 3239 302 3302 else,
314 3245 366 3292 not
378 3239 408 3292 in
423 3237 503 3293 itseli
515 3237 660 3299 unlaniul,
672 3239 771 3293 incites
783 3238 842 3291 him
853 3254 933 3292 moro
946 3237 1015 3291 than
1028 3235 1077 3292 the
1090 3235 1175 3309 right

62 3341 95 3380 as
109 3324 156 3378 for
169 3325 306 3387 instance,
323 3323 373 3379 tha
392 3324 483 3379 desire
502 3325 536 3379 of
555 3324 674 3389 honour,
693 3341 727 3379 or
748 3341 826 3380 some
845 3325 1011 3396 advantage,
1028 3324 1124 3396 public
1143 3339 1176 3379 or

62 3412 183 3484 private,
197 3410 288 3465 which
299 3411 323 3464 is
339 3412 476 3482 expected
491 3412 564 3466 from
577 3411 626 3466 tha
639 3429 704 3476 war,
715 3412 832 3467 distinct
842 3412 917 3467 from
929 3411 979 3466 the
987 3411 1177 3484 justificatory

63 3514 164 3562 canso;
186 3513 219 3552 or
237 3497 358 3552 because
372 3497 454 3553 there
476 3498 500 3553 is
518 3497 686 3554 introduced
701 3515 780 3554 some
800 3498 934 3554 affection
948 3497 1055 3570 plainly
1069 3497 1176 3552 uulaw-

62 3585 117 3650 sul,
128 3601 160 3638 aa
171 3601 189 3638 a
200 3585 330 3656 plcasnre
342 3585 372 3638 in
384 3584 471 3656 doing
482 3585 614 3641 mischius
622 3592 652 3640 to
664 3586 785 3642 another
796 3584 916 3640 without
927 3589 1039 3656 respect
1049 3583 1082 3638 ol
1090 3583 1175 3656 good.

64 3673 105 3727 So
120 3670 257 3727 Aristides
272 3687 334 3744 says
353 3671 417 3726 that
431 3671 481 3727 the
495 3671 642 3727 Phoceans
660 3689 734 3728 were
750 3671 918 3742 deserredly
935 3670 1104 3743 destroyed3
1125 3671 1178 3727 but

64 3758 129 3815 that
141 3757 237 3831 Philip
251 3775 307 3814 was
322 3765 373 3813 not
384 3760 414 3812 in
429 3757 479 3814 the
491 3758 567 3829 right
578 3758 662 3813 when
673 3757 710 3813 he
723 3756 874 3829 destroyed
886 3756 974 3821 them,
986 3774 1017 3812 aa
1029 3762 1081 3813 not
1091 3757 1178 3830 being

63 3845 192 3919 reallyin
200 3852 311 3902 earnest
318 3846 348 3899 in
355 3845 470 3900 defenso
480 3845 512 3899 of
518 3844 646 3915 religion,
655 3845 827 3916 butseeking
834 3850 865 3898 to
873 3845 998 3900 increase
1007 3842 1050 3899 his
1058 3844 1176 3916 empire.

120 3939 138 3988 2
167 3931 217 3987 Aa
238 3934 353 3988 cecinerat
370 3933 428 3986 aad
445 3931 551 3986 eruciari
569 3949 648 3986 canae
669 3933 704 4005 os
717 3950 785 3996 war,
807 3948 869 4003 says
889 3931 1003 3997 Sallust,
1021 3932 1044 3987 ia
1061 3949 1081 3986 a
1102 3931 1179 4004 deep·

63 4021 154 4077 scaled
166 4020 251 4075 desire
269 4022 306 4090 os
314 4020 414 4090 errrpire
425 4020 483 4073 and
496 4021 533 4089 os
541 4018 644 4073 weolth.
683 4019 721 4073 So
737 4020 860 4083 Tacitus,
880 4019 955 4074 Gela
973 4019 1032 4074 aad
1050 4018 1142 4084 ricla,
1159 4035 1179 4072 a

62 4106 205 4181 princerni
216 4124 293 4162 cause
307 4108 344 4176 es
355 4125 424 4164 aar.
453 4107 518 4161 And
531 4121 562 4160 so
577 4105 607 4160 in
623 4105 753 4160 Seneca’s
764 4106 884 4178 tragedy
895 4106 928 4161 ol
939 4105 989 4162 the
1000 4105 1177 4178 Hippolytae.

65 4194 132 4272 And
143 4209 175 4248 so
188 4193 354 4265 Augustino.

122 4287 139 4338 3
161 4283 219 4336 But
231 4279 312 4335 these
326 4295 432 4345 canses,
446 4279 476 4335 in
492 4279 582 4335 which
597 4297 615 4335 a
629 4279 779 4352 justifying
794 4294 878 4334 cause
892 4278 927 4334 oi
940 4276 991 4334 the
1005 4294 1064 4332 war
1083 4276 1107 4334 is
1128 4283 1181 4335 not

63 4369 199 4440 wanting,
220 4367 258 4422 do
277 4367 380 4422 indeed
400 4368 490 4441 imply
503 4386 521 4424 a
535 4367 610 4423 fault
631 4369 662 4422 in
683 4366 744 4420 him
759 4365 821 4420 who
841 4365 938 4421 makes
961 4364 1011 4420 the
1033 4381 1106 4431 war3
1127 4366 1181 4423 but

63 4464 114 4530 yet
136 4455 186 4512 the
204 4471 262 4509 war
278 4455 359 4509 itself
374 4456 397 4510 is
419 4461 471 4511 not
489 4456 607 4529 thereby
624 4455 738 4527 unjust:
758 4453 825 4519 and,
842 4451 995 4518 therefore,
1011 4452 1058 4509 for
1074 4453 1181 4510 ancha

64 4561 132 4609 war,
147 4560 185 4597 no
200 4543 363 4598 restitution
378 4543 401 4597 ir
414 4541 478 4600 duc.
