2828 4920
67 287 141 344 (ihr.
155 285 240 358 XX]
520 291 573 346 DE
595 290 734 348 POENIS.
1124 278 1189 346 209

63 453 210 543 pedisse,
236 465 321 521 certe
347 477 448 542 quum
470 459 648 544 prophetia
672 457 845 543 rreuuifcste
862 465 1058 533 coercuerat,
1079 466 1110 521 et
1126 476 1192 521 me-

71 559 218 622 moriam
235 555 369 640 iujuria
389 557 568 642 prohibeas
593 569 623 623 et
648 558 802 623 ultionem
829 558 876 622 ad
898 558 1006 622 Deum
1029 557 1190 642 redicens.

72 659 135 723 Ita
158 657 291 742 siquid
315 657 470 722 Christus
496 659 621 734 intulit,
645 680 710 722 ιιοιι
732 658 937 733 adversario,
960 659 1018 722 sed
1040 658 1192 741 adjutore

68 769 248 842 praeopto,
272 778 341 838 riou⁴
359 757 523 823 destruait
544 759 742 845 disciplinas
765 757 943 824 Creatoris.
993 758 1143 844 Denique
1159 759 1192 825 si

75 860 115 921 in
141 857 250 941 ipsum
275 857 436 922 rationem
455 861 631 944 patiemim
647 858 891 945 praecipienda,
913 868 944 922 et
966 858 1096 943 quidem
1122 869 1191 924 tam

69 958 182 1044 plena
199 969 297 1042 atque
314 959 470 1044 perfecta
491 961 736 1034 consederemus,
758 979 823 1021 ιιοιι
844 958 995 1023 consistet
1015 959 1047 1024 si
1063 980 1128 1024 ιιοιι
1145 970 1192 1026 est

80 1059 262 1135 Creatoris,
280 1060 339 1145 qui
364 1060 546 1124 vindictam
571 1058 783 1145 repromittit,
799 1059 857 1144 qai
872 1057 1019 1141 judicem
1036 1071 1189 1144 prastat.
1215 1082 1216 1085 ¹

77 1159 219 1246 Alioqui
235 1161 267 1225 si
285 1170 413 1224 tantum
430 1161 606 1245 patientia
622 1161 755 1245 pondus
770 1180 835 1224 nou
851 1158 946 1222 medo
962 1178 1027 1222 non
1042 1179 1192 1242 repercu-

80 1261 196 1335 tieudi,
218 1261 274 1326 sed
295 1271 326 1325 et
350 1259 455 1323 aliam
477 1261 652 1325 masiliam
671 1259 850 1343 praebendi,
872 1269 903 1323 et
923 1279 987 1323 ιιοιι
1007 1260 1103 1324 modo
1128 1280 1193 1325 ιιοιι

78 1360 346 1435 remaledicendi,
366 1360 540 1425 sedetiam
558 1360 773 1435 benedicendi,
795 1370 825 1425 et
840 1380 905 1424 nou
925 1360 1018 1424 modo
1034 1381 1099 1425 non
1115 1361 1194 1425 reti·
1244 1402 1247 1406 -

79 1461 183 1527 uendi
209 1461 365 1536 tunicam,
387 1461 443 1524 sed
466 1460 611 1546 amplias
633 1472 664 1525 et
683 1459 831 1545 pallium
848 1459 1041 1524 concedendi
1059 1461 1090 1524 is
1109 1460 1194 1525 mihi

79 1562 233 1646 imponit,
251 1562 311 1647 qui
326 1582 391 1624 nore
408 1562 453 1625 sit
477 1583 527 1626 ιιιο
547 1562 749 1645 defensurus,
771 1562 808 1624 iu
829 1581 970 1624 eacutuu
990 1559 1195 1645 patientiam

74 1663 249 1747 pracepit,
267 1681 331 1725 aare
356 1660 507 1726 echihms
532 1662 616 1725 raihi
640 1661 815 1726 mercedem
834 1661 1001 1746 praeepti,
1021 1661 1196 1744 patiemim

80 1763 158 1826 dice
175 1761 339 1846 fructum,
363 1762 450 1846 quod
472 1773 519 1827 est
541 1761 637 1837 ultio,
659 1783 759 1844 quam
785 1762 870 1825 milei
884 1760 1075 1846 permisisse
1097 1761 1196 1826 dehu-

80 1873 158 1928 erat
179 1862 210 1925 si
234 1864 303 1946 ipse
323 1881 387 1925 ιιοιι
401 1868 555 1946 praelat,
573 1874 633 1926 aut
652 1863 684 1926 si
705 1862 789 1925 mihi
809 1883 874 1926 ιιοιι
891 1861 1106 1945 permittebat
1125 1863 1197 1948 ipse

75 1973 266 2050 prastaret,
290 1961 445 2047 qeeoaiam
476 1971 506 2026 et
533 1962 719 2047 disciplina
743 1963 876 2026 interest
902 1959 1064 2045 injuriam
1085 1963 1196 2027 viudi-

81 2063 166 2128 ccri.
231 2063 328 2127 Metu
362 2063 446 2127 enim
479 2061 618 2128 ult-ionis
649 2062 754 2127 orneris
786 2062 951 2147 iniquitas
982 2061 1195 2147 resroenatur.

84 2167 236 2230 Ceterum
259 2163 390 2248 passim
421 2162 541 2228 emissa
575 2162 735 2239 libertate,
762 2162 989 2227 dominabitur
1022 2173 1197 2250 utromque

82 2264 213 2330 aceolum
235 2265 403 2348 effossura,
430 2274 461 2329 et
486 2284 610 2329 omnem
634 2263 759 2329 dentem
784 2262 973 2328 eacitatura
991 2284 1066 2348 pra
1087 2263 1197 2348 impu-

82 2365 204 2430 nitatis
220 2364 404 2430 securitate.

162 2465 183 2529 5
217 2463 342 2541 Censet,
360 2471 397 2528 ut
414 2461 566 2540 videmus,
589 2462 801 2530 Tertullianus
816 2483 881 2528 nou
897 2462 991 2528 modo
1007 2459 1196 2530 Christianis

84 2562 327 2654 postulationem
352 2562 477 2629 talionis
503 2584 571 2628 esse
588 2562 728 2642 vetitam,
754 2562 875 2630 sedne
898 2561 1045 2630 Hebraeis
1069 2563 1198 2652 quidem

85 2663 279 2753 permissam,
297 2671 448 2749 tauquam
471 2685 542 2750 quse
568 2663 644 2730 vitio
668 2671 801 2742 careret,
828 2662 884 2729 sed
909 2663 1036 2752 majoris
1057 2663 1131 2729 mali
1152 2663 1198 2730 vi·

85 2764 176 2833 tundi
193 2785 294 2830 eausa.
348 2763 442 2842 Quod
465 2763 540 2851 quin
560 2786 669 2830 verum
693 2763 734 2830 sit
756 2764 798 2830 de
815 2763 872 2831 tali
889 2762 1108 2852 postulatione,
1126 2786 1199 2853 quae

87 2889 128 2933 ex
154 2864 226 2932 odio
243 2862 339 2941 venit,
357 2885 421 2928 nen
446 2873 496 2930 est
517 2863 733 2942 dubitandum,
750 2874 787 2930 ut
812 2885 853 2932 ex
873 2863 1086 2952 superioribus
1100 2886 1199 2953 eppa·

86 2974 139 3034 ret
199 2966 281 3032 Nem
308 2964 389 3029 hene
419 2963 627 3052 improbatam
652 2963 747 3032 etiam
772 2963 833 3030 illis
858 2963 913 3052 qui
937 2963 1021 3031 inter
1044 2964 1199 3032 Hebraeos

87 3065 241 3155 supientia
258 3064 462 3140 excellebant,
480 3085 537 3129 nee
550 3065 629 3152 legis
642 3065 740 3132 verba
753 3073 877 3131 lantum
891 3065 946 3132 sed
960 3075 993 3132 et
1005 3063 1199 3153 prepositum

86 3166 300 3241 intuebantur,
319 3185 360 3229 ex
383 3163 515 3229 Philone
540 3175 685 3251 apparet,
712 3164 796 3250 apud
822 3185 915 3251 quem
938 3164 963 3229 J
966 3164 1046 3231 udoei
1063 3165 1199 3231 Alexan·
1211 3185 1333 3238 reema

87 3267 172 3334 driui
189 3265 221 3330 in
239 3264 344 3330 Flacci
367 3263 391 3327 J
394 3264 555 3329 udaeorum
576 3262 733 3329 vexatoris
750 3263 927 3330 calamitate
943 3264 989 3332 itu
1006 3266 1197 3353 lequuntur:

87 3366 144 3438 οὐκ
170 3358 372 3461 ε’φηδδιιεθα,
399 3356 424 3430 ὦ
448 3356 613 3440 δέσποτα,
632 3368 797 3456 τιμωρίαις
822 3361 958 3459 ἐχθροῦ,
976 3358 1200 3454 δεδιδαγμένοι

87 3464 172 3563 arpis
197 3469 265 3536 τῶν
288 3465 381 3558 ἰερῶν
409 3459 511 3547 νόμων
534 3459 825 3559 ἀνθρωποπαθεῖν·
858 3487 923 3531 uon
947 3466 1157 3544 delectamur,
1181 3488 1202 3534 ο

85 3638 138 3687 rice
147 3636 211 3695 emeli
219 3634 448 3696 enterepermismm
457 3637 499 3692 est,
509 3637 577 3680 tauta
586 3635 621 3679 erl
670 3630 905 3691 injuriisjubentur!
934 3632 1019 3694 (Tem.
1031 3645 1072 3681 ιιι.
1082 3630 1202 3697 pagw,

85 3711 201 3761 iracundi
212 3727 293 3774 pana
307 3717 395 3773 quanto
409 3711 487 3771 maqis
500 3709 567 3770 opud
580 3723 620 3755 eos
669 3711 725 3760 846.
754 3709 824 3757 Edit.
836 3708 928 3771 Suril.)

86 3792 130 3855 qui
144 3789 212 3838 mala
226 3790 296 3851 passi
306 3788 413 3849 prebere
427 3801 453 3833 ιι
466 3785 620 3832 ulterioribus

88 4039 221 4096 without
235 4038 301 4104 this,
314 4037 442 4093 violence
455 4033 549 4091 would
568 4050 604 4106 ge
620 4039 651 4089 te
665 4039 815 4092 extremes.

146 4134 163 4182 ⁶
193 4125 271 4180 Thus
293 4125 453 4179 Tertullien
474 4122 571 4178 thinks
596 4120 660 4176 thet
685 4137 808 4192 revenge
835 4136 891 4175 uae
917 4118 1070 4192 permitted
1093 4125 1125 4176 te
1151 4119 1203 4178 the

90 4213 236 4276 Ilebrows,
250 4217 302 4267 net
316 4227 347 4266 us
362 4227 380 4264 u
394 4211 476 4280 thing
489 4208 647 4272 blameless,
662 4207 714 4263 but
729 4215 759 4262 te
775 4207 858 4261 avoid
872 4223 890 4261 a
903 4215 1017 4279 greater
1030 4207 1095 4263 evil.
1136 4207 1202 4263 And

92 4299 189 4356 thiais
214 4298 411 4370 undoubtedly
433 4297 483 4353 the
507 4312 581 4361 cese,
601 4294 669 4350 with
691 4294 760 4349 euch
783 4293 905 4348 demand
926 4294 960 4348 ol
978 4293 1152 4349 satisfaction
1170 4311 1203 4351 aa

90 4386 227 4460 proceeds
241 4386 316 4440 from
331 4385 439 4450 wreth3
457 4384 514 4440 und
533 4400 565 4439 eo
580 4383 630 4438 the
642 4398 765 4454 purpose
777 4381 811 4437 of
820 4380 869 4436 the
884 4381 937 4433 law
950 4397 1006 4435 was
1021 4380 1204 4448 understood,

90 4492 122 4532 as
136 4489 256 4547 appears
271 4475 301 4528 iu
317 4473 409 4529 Philo.
446 4471 512 4527 And
525 4471 581 4528 this
593 4471 617 4528 is
631 4470 682 4526 the
696 4469 777 4544 point
792 4474 823 4525 te
838 4466 929 4524 which
941 4466 1057 4527 Christe
1070 4474 1203 4542 precepto
