2828 4920
373 400 675 489 HUGONIS
724 401 957 488 GROTII

115 611 223 693 DE
279 609 468 692 JURE
525 608 765 704 BELLI
816 610 911 694 Ac
965 612 1197 699 PACIS.

408 821 577 899 menn
612 824 913 903 SECUNDUS.
1123 811 1126 815 ’

539 1053 695 1121 eAPUt
720 1055 779 1122 IX.

220 1208 384 1275 Quauno
406 1209 572 1266 utrumn
593 1209 670 1266 vsu
691 1210 864 1267 nostum
885 1209 1095 1267 nes1utur.
1199 1285 1205 1291 .
1249 1213 1262 1237 ν
1326 1206 1330 1211 ·

131 1360 160 1414 1.
209 1359 634 1432 Domine'umctimperitantolli
701 1362 768 1417 v11.
791 1363 947 1417 ltonahm
958 1362 1136 1433 miaraticne:

209 1447 632 1520 eethtatoecqaijuchabuit,uce
697 1447 849 1504 VIIIAat
867 1457 972 1502 mutato
991 1448 1136 1519 racimirus
1166 1450 1214 1505 uti
1319 1481 1324 1488 ·

92 1581 96 1586 .
208 1533 500 1590 echanaraccasorc:
662 1584 664 1587 .
792 1535 823 1589 de
847 1534 902 1589 laco
926 1535 974 1605 qui
997 1535 1124 1589 debeatur
1145 1553 1213 1592 neue

122 1621 168 1676 ΙΙ.
209 1618 256 1674 sic
271 1628 295 1674 et
304 1621 352 1692 jus
360 1621 486 1692 familiae
501 1622 631 1677 testinata
789 1621 847 1692 reyi
861 1630 910 1675 aut
922 1621 1025 1692 populo
1042 1621 1161 1677 liberato,

201 1706 339 1776 familia:
705 1708 758 1763 IX.
793 1707 868 1774 Quid
877 1707 902 1762 si
909 1708 1007 1778 pepedi
1018 1709 1177 1764 articulari

114 1792 176 1848 111.
208 1791 565 1866 Sinetpopalieipopulut
580 1811 631 1850 tete
714 1794 753 1848 X.
793 1793 868 1861 Quid
897 1794 921 1848 ti
950 1794 1092 1848 dividatur
1121 1813 1212 1868 popa-

208 1879 329 1934 desiuat:
790 1879 854 1933 treet

120 1965 179 2021 IV.
211 1965 290 2032 Quod
305 1967 350 2040 fit,
370 1966 483 2021 rattatis
503 1967 629 2039 partibus
705 1964 758 2020 XI.
789 1965 1092 2038 thjusaunesintquoe
1106 1967 1211 2023 Rama·

207 2053 376 2108 temerariis:
788 2054 820 2106 ui
831 2053 939 2125 insperii
945 2055 1076 2124 fita-uttt,
1087 2071 1134 2110 aee
1144 2054 1211 2110 alt'e·

125 2137 168 2192 V.
207 2137 628 2211 Sublatoeorporctotopopuli:
787 2148 856 2194 nata
869 2149 1013 2210 apparent.

116 2223 175 2278 VI.
207 2223 325 2279 Sublata
333 2228 512 2297 serenaque
526 2235 563 2281 eet
577 2243 627 2297 pn-
698 2225 767 2279 XII.
786 2225 1046 2298 Dejureltaudum.

201 2310 303 2381 palea.-
605 2378 607 2381 ι
688 2311 773 2366 XIII.
788 2311 1028 2385 Dejarevietoris.

88 2443 118 2508 Ι.
227 2435 421 2511 UOMODO
440 2441 585 2530 primitus
601 2441 816 2529 acquirantur,
830 2451 864 2508 et
876 2441 1032 2529 quomodo
1045 2449 1209 2536 transeant

249 2550 317 2608 tum
348 2542 485 2608 dominia
518 2541 651 2628 privata,
679 2550 746 2608 tum
773 2542 916 2630 imperi-a,
951 2541 1028 2608 satis
1056 2541 1207 2613 diximus:

86 2641 249 2728 quomodo
274 2641 430 2720 desinant,
454 2640 625 2707 uideamus.
676 2643 721 2708 Et
747 2641 873 2728 quidem
899 2641 1101 2708 derelictione
1125 2643 1208 2710 desi·

85 2763 168 2808 nere
192 2741 295 2807 obiter
317 2763 414 2828 supra
435 2741 684 2807 demonstratum
707 2750 766 2818 est,
792 2741 866 2828 quia
883 2741 1046 2808 voluntate
1062 2751 1206 2812 cessante

84 2862 153 2904 nou
171 2849 278 2906 manet
295 2839 474 2906 dominium.
520 2841 581 2906 Est
596 2848 629 2906 et
650 2839 729 2906 alius
752 2840 915 2907 desinendi
937 2841 1057 2919 modus,
1081 2842 1205 2911 sublato

82 2939 231 3026 subjecto
260 2939 315 3005 ¹in
344 2961 406 3026 quo
435 2947 484 3005 est
510 2938 675 3027 imperium
699 2941 750 3006 vel
776 2941 957 3019 dominium,
987 2949 1063 3007 aute
1087 2941 1205 3010 aliena·

82 3039 207 3105 tionem
231 3039 349 3105 scilicet
372 3038 424 3104 vel
443 3061 627 3127 expressam
650 3039 703 3105 rel
725 3040 864 3118 tacitam,
887 3040 988 3128 qualis
1013 3046 1063 3107 est
1085 3040 1118 3107 in
1134 3064 1204 3110 sue·

80 3138 279 3206 cessionibus
299 3139 340 3205 ab
360 3138 520 3206 intestato.
570 3140 678 3218 Quare
693 3139 730 3226 si
755 3161 818 3227 qua
843 3162 987 3228 persana,
1008 3139 1096 3207 nulla
1115 3141 1203 3210 edita

130 3313 138 3343 ¹
157 3315 250 3362 Confer
257 3315 428 3362 Pursrnorr.
438 3315 479 3362 De
489 3315 618 3362 JureNat.
670 3330 724 3376 cup.
735 3319 758 3364 3.
775 3317 789 3378 ἓ
802 3320 838 3365 11.
851 3323 877 3364 et
891 3317 945 3364 Lib.
956 3331 1014 3366 vru.
1029 3332 1083 3379 cep.
1094 3319 1132 3366 11.
1148 3318 1163 3379 S
1176 3321 1199 3368 1.

75 3399 103 3441 et
126 3391 198 3440 Gar.
213 3390 267 3440 Lib.
280 3403 316 3438 tv.
332 3404 385 3453 cap.
396 3391 419 3438 6.
435 3389 499 3451 514.
514 3390 570 3438 Lib.
580 3403 617 3438 vr.
668 3392 739 3441 J.B.

136 3642 282 3698 -Cusmu
297 3641 352 3697 lx.
392 3643 479 3699 When
490 3645 628 3717 Lordnhip
640 3646 699 3700 aad
711 3645 869 3716 Owuersltip
881 3661 952 3700 eecce
963 3653 990 3699 tc
1001 3645 1076 3700 erist.

140 3762 165 3816 1.
203 3761 256 3817 We
273 3760 346 3818 hare
368 3763 538 3834 sufficIcntly
556 3763 705 3834 explained
727 3763 792 3819 how
811 3761 883 3818 both
906 3763 1016 3834 private
1037 3762 1196 3837 ownership

73 3848 140 3907 and
155 3847 251 3920 public
261 3847 406 3921 authority
417 3851 441 3904 is
453 3849 596 3920 required,
610 3850 667 3904 and
681 3849 745 3904 how
756 3849 779 3904 it
790 3850 814 3904 is
826 3848 1017 3914 transferrem
1032 3849 1073 3905 let
1087 3865 1121 3905 us
1132 3866 1196 3906 now

74 3934 215 3993 consider
223 3934 291 3993 ,how
306 3935 329 3989 it
343 3951 448 3991 censes.

137 4020 214 4076 'Ibat
228 4021 251 4077 it
266 4037 360 4076 censes
375 4021 414 4092 hy
428 4021 556 4086 derelict,
570 4021 594 4076 ts
608 4020 698 4077 abore
710 4021 805 4077 shewn
819 4023 849 4077 iu
861 4022 991 4094 passiug3
1009 4021 1132 4077 because
1143 4019 1194 4078 the

72 4108 138 4164 will
153 4108 274 4178 ceasing,
289 4106 338 4162 the
352 4107 512 4179 ownership
526 4109 595 4162 does
613 4115 665 4163 not
683 4110 800 4163 ramniu.
844 4109 938 4162 There
953 4109 976 4161 is
995 4107 1056 4163 also
1072 4106 1194 4165 another

71 4195 167 4252 mede
181 4194 214 4250 ef
230 4195 267 4250 its
288 4193 408 4266 ending:
431 4193 481 4248 the
499 4194 608 4263 subject
628 4211 661 4249 or
676 4211 779 4265 person
795 4195 825 4249 in
839 4194 933 4247 whom
950 4192 1000 4247 the
1014 4192 1142 4267 lordship
1159 4211 1193 4251 or

70 4280 237 4354 ouncrship
257 4280 362 4336 resides
376 4279 463 4352 belng
474 4280 616 4351 removed,
629 4281 694 4336 that
711 4282 743 4346 is,
758 4281 857 4336 before
871 4280 1024 4334 alteration
1038 4280 1132 4336 either
1145 4296 1191 4338 ex·

66 4385 158 4444 prees
174 4375 206 4426 at
222 4369 302 4435 least,
319 4383 353 4423 or
369 4366 449 4434 tacit,
466 4366 536 4424 such
550 4383 582 4423 es
604 4366 686 4424 there
700 4367 724 4422 is
738 4367 769 4422 iu
786 4366 959 4424 successione
980 4371 1012 4423 to
1032 4368 1190 4425 iatestetes·

181 4498 366 4591 [aaran
1067 4452 1087 4515 ²
