2828 4920
70 253 148 311 (iar.
161 246 260 324 XIX.]
405 252 459 308 DE
480 252 581 309 June
605 251 861 316 SEPULTURAE.
1130 251 1194 321 227

72 445 146 490 rem
163 422 380 488 indulserunt.
428 423 523 504 Quia
540 424 625 489 euim
642 446 666 488 a
683 427 811 491 ratione
829 426 973 492 alienum
990 436 1046 504 est,
1062 438 1194 494 rieturre

73 526 230 588 luurnanoe
247 545 377 614 areana
388 536 466 609 post
483 536 616 591 inertem
631 527 780 592 omuibus
794 529 968 613 compieta
982 528 1108 614 erponi,
1126 550 1193 596 uto·
1271 553 1275 561 ·

73 647 146 692 rem
163 625 239 690 inde
260 625 305 689 ab
327 626 464 712 antiquo
481 627 666 712 accepturus
685 629 832 692 lurmauu
849 651 989 714 corpora
1006 631 1190 715 sepeliendi,

73 738 114 791 ιιι
130 737 331 792 οιοηοοιοοιο
347 728 482 792 condita
500 728 586 793 elam
603 741 633 792 et
643 729 765 814 procul
776 751 799 793 a
814 742 985 813 eorrepeetu
1002 732 1192 799 tabescunt:

73 848 139 912 quo
157 834 191 892 et
177 824 284 892 tillud
302 825 440 914 pertinet
458 825 606 915 Gregorii
615 827 757 951 Nyssepi
774 828 807 894 in
822 829 953 917 epistola
969 830 1012 896 ad
1025 832 1191 901 Leto'ium.

10 942 12 946 ’
73 957 116 1001 ως
132 958 176 1010 μη
168 920 424 1022 ἀναδειχθῆναι
441 957 491 1018 τῳ
475 925 621 1018 ηλίῳ’
627 924 690 1009 τὴν
707 922 942 1023 α’σχημοσῦνην
959 959 1020 1013 της
1044 926 1188 1027 φύσεως,

73 1051 114 1096 ne
130 1031 195 1096 soli
210 1031 402 1096 ostendatur
418 1032 457 1096 id
474 1031 560 1117 quod
576 1032 725 1097 dedecori
741 1044 787 1097 eet
804 1033 957 1098 iumenta
974 1046 1112 1099 tratura.

153 1133 174 1196 6
208 1130 292 1196 Hine
312 1130 463 1218 estquod
487 1129 618 1197 officium
641 1131 819 1218 sepeliendi,
838 1154 901 1198 non
922 1141 987 1198 tam
1004 1133 1131 1212 homini,
1154 1133 1189 1201 id

72 1239 124 1297 est
125 1252 305 1318 ,personae,
323 1252 417 1319 quam
433 1224 652 1311 themanitae,
676 1231 709 1298 id
730 1241 778 1298 est
796 1242 917 1299 naturae
934 1234 1088 1313 humane,
1105 1257 1188 1324 prae·

72 1331 154 1398 stari
171 1331 304 1400 dicitur:
330 1332 414 1398 unde
435 1331 590 1420 publicam
614 1333 695 1398 hane
713 1333 937 1400 humanitatem
960 1334 1108 1402 dixerunt
1131 1336 1187 1403 Se·
1198 1356 1344 1441 neumas

72 1454 153 1499 neca
177 1441 211 1499 et
239 1432 459 1549 Quintilianus,
483 1432 665 1500 tralatitiam
691 1433 868 1502 Petronius.
912 1433 970 1502 Cui
996 1450 1231 1534 consequenst
1218 1449 1337 1491 uiuente

72 1543 132 1612 est,
151 1543 187 1601 ut
201 1557 259 1600 nee
274 1533 404 1600 inimicis
421 1556 479 1600 neo
494 1534 635 1600 hostibus
651 1534 785 1600 inrideri
802 1535 964 1623 sepultura
981 1535 1105 1604 debeat
1135 1539 1187 1604 De
1200 1523 1272 1590 ΜΨ·
1283 1553 1302 1583 ⁰⁴
1312 1543 1355 1584 ¹¹*

72 1632 205 1702 inimicis
228 1635 359 1725 egregia
383 1643 432 1702 est
452 1634 537 1723 apud
562 1634 747 1722 Sophoclem
770 1635 949 1702 dissertatio
965 1635 1110 1728 ⁶Ulyssis
1128 1659 1187 1728 pro

71 1735 235 1803 humando
250 1736 358 1825 Ajaee,
376 1734 431 1801 ubi
448 1734 533 1801 hoo
524 1743 608 1801 inter
624 1745 748 1803 cetera:

291 1854 432 1919 Menelae,
447 1859 512 1925 post
525 1858 569 1909 tot
585 1853 662 1908 dieta
675 1852 826 1925 sapienter,
840 1868 909 1909 euve

291 1941 448 2013 InJuriosus
463 1941 501 1996 sis
516 1939 705 1996 inhominem
719 1945 873 2000 mortuum.

70 2041 241 2110 Rationem
258 2041 366 2108 reddit
382 2039 550 2129 Euripides
567 2042 755 2127 Antiquae:

290 2163 371 2219 Mors
382 2162 543 2234 jurgiorum
557 2162 622 2217 finis
637 2167 680 2217 est
694 2160 878 2219 mortalibus:

291 2250 371 2304 Num
386 2250 477 2321 majus
491 2248 570 2304 uliud
586 2247 654 2321 quid
668 2254 763 2322 potest
777 2247 857 2305 letho
872 2247 953 2305 dari?

66 2351 160 2419 Idem
176 2350 391 2439 Suppliciter
407 2350 503 2434 (vers.
522 2349 599 2429 528,
619 2349 720 2435 529):

288 2474 396 2529 Fecere
410 2471 491 2528 robis
506 2470 599 2544 siquid
613 2471 710 2544 Argivi
725 2469 809 2537 male,

289 2560 440 2625 Cecidere3
461 2559 492 2614 in
506 2558 604 2615 hostes
618 2558 674 2613 ista
688 2557 814 2614 uindicta
827 2560 872 2614 est
885 2557 962 2615 satie.
1036 2567 1039 2572 ’

66 2664 115 2731 Ει
132 2660 283 2754 Virgilius
301 2662 397 2746 (AEo.
417 2681 464 2727 ιιι.
483 2662 580 2747 104):

255 2784 377 2840 Nullum
392 2799 459 2839 eum
474 2782 556 2838 vietis
571 2785 716 2838 certamen
732 2787 762 2838 et
776 2777 883 2838 aethere
898 2782 993 2840 cassis.

66 2886 174 2965 Quam
191 2883 377 2950 sententiam
395 2882 494 2949 citans
517 2879 651 2968 scriptor
669 2880 710 2946 ad
727 2880 923 2947 Herennium
940 2881 1049 2950 addit:
1073 2878 1186 2950 lNam

62 2988 154 3071 quod
167 2987 333 3053 malorum
348 2996 395 3052 eet
412 2996 598 3059 extremum,
616 2983 742 3048 eccidit
759 2984 830 3050 illis
837 2982 923 3067 jam.
975 2981 1146 3072 Papiniuse
1199 3003 1351 3052 manua

464 3102 653 3158 Bellarimus:
674 3106 753 3156 esto:

244 3193 303 3250 Sed
318 3191 446 3249 cecidere
462 3189 537 3254 odia,
551 3197 581 3244 et
596 3190 692 3244 tristes
707 3204 784 3243 mors
799 3185 896 3243 obruit
908 3187 975 3244 ires.

62 3292 114 3361 Et
137 3292 269 3360 eandem
291 3313 415 3358 eausam
435 3286 541 3355 reddit
564 3287 700 3376 Optatus
720 3285 942 3353 Mileritauus:
966 3290 1007 3356 Si
1025 3290 1113 3357 iuter
1135 3291 1184 3358 vi·

64 3472 181 3532 Obteyere
182 3471 308 3534 puerperii
307 3469 432 3532 padernis.
440 3466 503 3526 (Lib.
511 3480 535 3513 v.
542 3463 601 3525 οι)
697 3461 883 3522 ὶΙΙιοιιοιιιιαιί,
894 3464 922 3511 id
929 3469 964 3512 est
974 3467 1185 3517 muratum

64 3545 444 3608 itaquamnihilnaturaeimue
459 3547 560 3602 apparet
575 3540 600 3586 in
647 3539 873 3600 madartdiritur]
899 3540 996 3588 Servius
1009 3542 1040 3589 ud
1056 3543 1183 3592 xnAEne-
1278 3592 1280 3597 ,

63 3629 123 3672 ortu
134 3631 159 3672 et
168 3625 277 3672 interitu.
309 3622 381 3678 Quod
392 3625 420 3666 ut
435 3617 600 3679 significarent
650 3617 721 3662 idos.-
740 3617 871 3676 Sepultura
886 3618 947 3663 enim
963 3618 1098 3678 beneficium
1112 3633 1182 3681 pore·

63 3690 194 3762 Sapientes
211 3698 317 3755 Hebraei,
332 3701 438 3750 vetuere,
453 3707 484 3739 ne
498 3692 599 3752 plebeiae
649 3693 737 3738 reliter
747 3692 842 3738 &betur
851 3694 973 3750 rrairrrsts,
987 3695 1031 3753 (ad
1041 3709 1103 3742 rere.
1116 3695 1183 3757 106.)

60 3782 109 3826 aut
124 3791 224 3824 summm
238 3776 344 3822 tortuuoe
362 3772 404 3833 qui
420 3771 509 3822 esseut,
524 3767 597 3813 alius·
694 3765 705 3795 ⁶
721 3767 777 3814 Nou
790 3768 890 3828 Ulyssis,
901 3768 943 3816 sed
955 3767 1104 3828 Cironium.
1114 3773 1184 3831 1110,

61 3853 130 3901 modi
149 3853 229 3900 inseiis
248 3851 439 3906 involverentur,
458 3849 502 3893 aut
524 3842 598 3890 modo
647 3848 742 3905 eterqq.
774 3843 802 3890 J.
811 3845 845 3892 B.

61 3928 277 3978 natiautmortui.
619 3978 622 3985 Ι
694 3917 812 3966 ⁷nmtiui
823 3918 926 3966 inlibris
936 3916 1181 3970 adHerenniumlroe

61 4132 196 4204 Sopater,
211 4129 340 4200 Gregory
354 4127 476 4198 Nyssen.

104 4222 137 4272 ,6
159 4217 259 4272 Hence
274 4215 324 4271 the
336 4214 417 4270 office
429 4212 462 4268 of
475 4211 567 4268 burinl
580 4212 603 4267 is
616 4209 768 4266 conceived
780 4227 811 4264 as
825 4206 974 4273 rendered,
985 4212 1037 4263 not
1051 4224 1083 4265 so
1094 4210 1181 4268 much

59 4313 94 4363 to
116 4304 165 4360 the
186 4321 261 4369 man,
281 4302 345 4357 that
363 4303 396 4368 is,
410 4301 460 4357 the
479 4300 635 4373 particular
649 4315 761 4372 person,
780 4314 811 4352 as
829 4303 860 4351 to
880 4295 1047 4368 Humanit5,
1067 4296 1180 4364 thatin,

59 4401 94 4450 to
110 4393 225 4447 Hamae
243 4391 363 4447 Nature.
401 4391 440 4446 So
454 4390 563 4445 Seneca
576 4388 632 4444 und
647 4385 803 4452 Quintilian
816 4383 871 4439 call
886 4384 908 4437 it
917 4384 1010 4455 publio
1027 4384 1179 4460 tamenim,

57 4480 224 4547 Petronius,
245 4480 417 4555 transferred
433 4478 587 4551 tumauity.
625 4474 691 4533 And
710 4473 801 4531 hence
819 4473 842 4528 it
859 4470 977 4536 follows,
1000 4470 1065 4528 that
1085 4473 1181 4548 sepul.

965 4573 1094 4642 ιι-ι
