2828 4920
54 243 136 303 Car.
149 242 275 315 XXIV.]
313 246 445 304 JUSTIS
468 245 604 303 CAUSIS
627 246 887 303 SUSCIPIENDO
909 246 1044 303 nauto.
1113 241 1177 306 429

58 410 208 477 morbum
236 409 374 477 faceret:
400 411 578 500 intelligens
608 413 794 500 populorum
825 413 1025 491 occidionem,
1057 411 1178 479 desola-

61 510 181 576 tionem
208 510 344 588 urbium,
374 511 560 599 pestilentiae
586 534 654 578 esse
686 536 801 601 opera:
834 514 911 579 nihil
939 524 1045 580 autem
1077 512 1179 602 magis

64 632 134 676 esse
161 610 285 701 regium
312 633 406 699 quam
431 612 592 679 consulere
609 613 752 679 'omnium
777 615 976 702 salutique:
1001 637 1078 704 paco
1106 636 1179 680 con·

63 710 193 778 tinetur.

143 814 165 878 3
203 810 238 877 Si
258 811 333 898 jure
355 811 497 878 Hebraeo
515 821 548 878 et
567 809 621 900 qui
638 834 701 878 non
718 812 826 879 volens
842 813 999 879 hominem
1015 813 1178 880 occidisset
1190 827 1327 913 figme-

64 909 179 1000 fugero
208 911 363 979 debebat:
389 911 415 976 si
447 913 534 977 Deus
560 934 581 977 a
611 912 744 988 Davide,
771 914 825 999 qui
852 914 904 1000 pia
934 913 1017 979 bella
1044 914 1177 1002 gessisse
1190 933 1286 987 rosan.

1189 979 1263 1019 xxrlh.
1274 979 1293 1017 ³.

65 1011 193 1090 dicitur,
220 1011 291 1077 ideo
318 1010 469 1099 templum
498 1033 588 1077 suum
617 1011 763 1077 :edificari
790 1013 890 1079 vetuit
917 1013 1021 1098 yquod
1045 1014 1177 1079 multum

64 1110 251 1200 sanguinem
275 1109 426 1176 fudisset:
450 1109 476 1174 si
498 1110 582 1197 apud
610 1111 737 1176 Graecos
754 1121 878 1177 veteres
900 1113 1080 1200 expiatione
1099 1135 1178 1200 opus

63 1211 229 1278 habehant
258 1209 353 1276 etiam
384 1210 439 1296 qui
467 1209 533 1275 sine
565 1209 657 1296 culpa
686 1233 810 1276 manum
838 1212 924 1277 cardo
953 1213 1177 1278 maculassent:

63 1311 136 1398 quis
151 1333 216 1375 non
231 1307 346 1386 videat,
365 1309 538 1396 praesertim
558 1309 763 1387 Christianus,
782 1332 876 1396 quam
894 1334 946 1376 res
962 1311 1003 1377 sit
1019 1311 1127 1376 infelix
1145 1321 1179 1378 et

63 1410 142 1475 mali
159 1409 279 1485 ominis,
303 1419 484 1495 quantoque
503 1410 573 1474 nisu
595 1408 777 1496 fugiendum
802 1411 916 1476 bellum
939 1411 1034 1476 etiam
1052 1433 1115 1476 non
1130 1411 1178 1476 in·
1228 1472 1231 1478 .

57 1507 213 1598 justum?
260 1510 355 1575 Certe
380 1507 463 1595 apud
491 1509 618 1574 Graecos
644 1508 914 1574 Christianismum
940 1510 1097 1596 professos
1124 1510 1179 1576 diu

61 1610 254 1675 observatus
278 1618 327 1674 est
352 1629 460 1685 canon,
487 1629 549 1693 quo
572 1607 668 1672 sacris
692 1610 751 1673 ²ad
777 1619 899 1698 tompus
919 1610 1108 1676 arcebantur
1125 1608 1178 1698 qui
1191 1634 1295 1691 sarrae

60 1709 192 1775 hostem
207 1707 241 1774 in
256 1707 472 1793 qualicumque
489 1707 570 1773 bello
587 1707 822 1776 interfecissent
1189 1681 1285 1777 tttlt
1295 1725 1325 1764 ra

61 1887 138 1933 δοκεῖ
148 1883 189 1932 δαὶ
197 1884 245 1939 τήν
258 1883 383 1932 ἀνωτάτω
394 1883 435 1931 καὶ
446 1883 528 1940 κοινήν
537 1901 601 1945 συγ-
650 1897 789 1932 commanem
809 1901 826 1931 a
847 1899 1032 1933 mammaeam
1054 1885 1180 1933 amionem

61 1960 178 2023 γένειαν·
203 1961 231 2008 οὗ
253 1961 330 2022 χάριν
352 1959 495 2019 καθαρσίων
515 1961 601 2016 ἐδέησε
650 1961 817 2021 reparationem.
845 1960 1180 2022 Quapropteretpuryatioae

59 2041 124 2083 τοῖς
151 2035 267 2082 mairac:
286 2035 352 2094 πρὸς
369 2033 529 2095 ἀπαλλαγήν
553 2035 601 2081 τοῦ
649 2036 754 2094 quadam
770 2049 831 2094 opu:
848 2036 965 2081 habebant
986 2035 1046 2082 tales
1068 2036 1179 2095 intersec-

61 2109 230 2171 νομισθέντος
243 2099 320 2170 dyous
337 2110 501 2170 γεγενῆσθαι·
516 2124 600 2170 qaam·
648 2116 718 2167 tores,
729 2110 1180 2170 adclnmdumquodcommiseumoidc·

59 2186 105 2233 vie
122 2185 184 2232 enim
198 2185 420 2246 optemperantem
435 2185 483 2231 :int
499 2185 600 2232 hostium
648 2186 719 2231 batur
726 2187 857 2244 piaculum.
887 2186 957 2244 (Peg.
968 2185 1058 2244 atos.)

61 2261 209 2318 occidionce,
231 2265 334 2307 attamen
354 2260 461 2320 quisquis
486 2261 600 2306 homiaem
692 2261 757 2306 ⁸Ad
768 2258 868 2320 tempus]
885 2260 1007 2307 Triennio.
1019 2260 1124 2306 Zonaras
1134 2260 1180 2307 Ni.

59 2334 220 2394 interfecerit,
235 2335 343 2395 mamae:
352 2333 427 2390 juste,
442 2335 550 2394 quamvis
566 2334 601 2379 ad
648 2336 753 2395 oephoro
769 2336 858 2382 Phoco.
891 2335 959 2394 (Lib.
976 2348 1034 2382 xri.
1054 2350 1107 2397 cap.
1123 2349 1179 2385 xxv.

61 2413 107 2458 sua
127 2411 230 2468 tutelam,
251 2410 360 2471 quamuis
380 2414 482 2466 coactam,
503 2409 601 2469 aliquid
648 2412 768 2470 pag.203.
784 2411 896 2458 Tom.u.
925 2409 1062 2472 maaca.)

63 2486 135 2534 labie
143 2486 289 2533 centrum:
299 2484 413 2543 veditur,
421 2489 522 2544 propter
532 2484 601 2531 illam

65 2731 223 2806 slaughter,
242 2750 314 2790 even
334 2735 453 2791 without
471 2736 554 2803 fault,
572 2736 628 2792 had
650 2737 723 2792 need
742 2737 776 2792 of
795 2737 955 2809 expiation;
972 2735 1036 2792 how
1050 2753 1103 2792 can
1124 2755 1182 2810 any

69 2837 127 2875 one
140 2820 191 2874 fail
207 2826 238 2875 to
258 2837 314 2882 soe.
330 2822 482 2895 especially
502 2841 559 2895 any
580 2823 729 2888 Christian,
745 2823 819 2878 what
838 2841 875 2877 an
891 2823 1027 2896 unhappy
1046 2823 1103 2878 and
1123 2825 1182 2880 dis·

68 2912 181 2961 astrous
204 2906 294 2978 thing,
316 2907 372 2962 and
393 2908 458 2963 how
479 2910 658 2980 strenuously
681 2916 711 2964 to
735 2909 771 2964 bo
794 2909 923 2975 avoided,
941 2911 965 2964 is
987 2925 1006 2963 a
1028 2926 1094 2974 war,
1109 2927 1182 2966 even

68 2992 153 3048 when
175 2999 227 3048 not
254 2994 370 3064 unjust?
420 2995 566 3066 Certainly
594 3011 698 3065 among
726 2994 776 3050 tho
806 2996 914 3051 Greeks
943 2994 1006 3050 who
1035 2995 1182 3068 professed

69 3078 263 3152 Christianity,
285 3081 335 3134 the
353 3081 452 3135 Canon
470 3098 525 3135 was
543 3082 610 3152 long
631 3081 776 3145 obserred‚
795 3080 833 3152 by
847 3082 937 3136 which
953 3081 1035 3136 those
1046 3080 1109 3136 who
1123 3081 1182 3138 had

68 3164 160 3220 killed
174 3183 212 3219 an
226 3182 328 3238 enemy
345 3167 375 3219 in
387 3182 443 3237 any
458 3183 515 3220 war
528 3166 678 3233 whatever,
693 3183 767 3222 were
781 3167 827 3222 for
841 3183 859 3221 a
873 3169 942 3222 time
954 3166 1091 3224 excluded
1105 3167 1182 3223 from

68 3251 271 3325 partipration
286 3251 315 3306 in
329 3251 429 3308 sacred
442 3253 545 3308 officea.
