2828 4928
66 99 146 159 cer.
161 100 247 176 xm]
528 107 581 163 nn
603 107 743 166 rmurs.
1134 105 1196 168 259

69 267 190 334 valeat
206 269 371 335 ultionem.
422 266 495 333 Rex
506 265 738 336 Theodericus:
764 271 841 338 ltine
857 281 903 339 eet
920 273 1008 360 quod
1026 272 1132 361 leptim
1144 295 1196 341 re·
1208 288 1337 377 ἥψουν.

57 381 172 454 ‚perta
200 381 249 435 est
277 391 379 435 saera
400 372 592 447 reuerentia,
618 380 656 434 nt
683 372 772 438 nihil
792 395 904 450 murrii,
938 375 1027 441 nihil
1051 377 1194 464 proprie

71 477 231 553 afferetur
256 471 410 556 impulsu.

150 569 171 634 5
205 571 318 636 Manet
334 579 440 638 tamen
463 579 554 637 vetus
571 569 723 636 naturalis
743 572 882 655 libertas,
909 573 1044 663 primum
1065 576 1099 643 in
1118 576 1193 646 locis

72 668 129 734 ubi
151 666 272 755 judicia
294 681 368 738 suut
391 672 486 749 nulla,
510 670 596 737 utin
619 670 707 737 mari.
761 674 832 753 Quo
857 675 940 742 sorte
957 677 1071 745 referri
1087 687 1192 767 potest

72 769 160 855 quod
191 769 287 838 Caius
316 773 423 840 Caesar
448 773 591 861 privatus
616 771 719 839 adhue
744 774 872 863 piratas,
896 799 917 842 a
942 776 1054 864 quihus
1081 787 1358 876 eaptusffissffiffl

71 871 189 949 fuerat,
216 871 314 938 elusse
338 873 542 941 tumultuarie
566 883 749 960 persecutus
777 885 834 952 est,
866 876 1067 966 ipsorumque
1093 901 1190 946 nares
1202 881 1355 934 hcm-27⁰²

71 971 192 1058 partim
217 973 350 1062 fugavit,
375 975 492 1062 partim
521 972 653 1050 mersit,
667 983 700 1040 et
726 997 796 1040 eum
824 979 989 1064 proconsul
1013 979 1190 1070 negligeret

71 1070 326 1140 animadvertero
349 1074 382 1140 iu
412 1083 519 1162 captos
544 1073 674 1160 piratas,
699 1074 765 1162 ipse
791 1097 845 1142 eos
873 1076 905 1143 in
931 1099 1019 1145 mare
1041 1101 1188 1147 reversus

71 1172 159 1238 eruci
180 1174 304 1241 suffixit.
357 1176 446 1241 Idem
469 1175 570 1241 locum
592 1174 721 1241 habebit
738 1175 769 1241 iu
792 1176 866 1243 loeis
887 1177 1030 1258 desertis,
1055 1188 1111 1247 ant
1133 1178 1188 1247 ubi

69 1272 252 1339 Nomadum
268 1298 355 1342 more
371 1275 497 1343 uisitur.
539 1267 614 1341 “sie
629 1276 714 1361 apud
733 1277 898 1366 Umhricos
913 1290 1023 1346 narrat
1040 1280 1187 1347 Nicolaue

69 1373 288 1441 Damascenus
309 1376 366 1442 sibi
383 1398 539 1464 quemque
555 1375 650 1441 fuisse
668 1375 820 1444 ultorem:
845 1378 929 1466 quod
946 1389 979 1446 et
999 1381 1085 1468 apud
1101 1383 1187 1447 Mos-

68 1473 147 1537 chus
164 1474 258 1540 hodie
274 1474 401 1565 impune
418 1477 463 1553 fit,
486 1487 557 1564 post
573 1485 697 1564 tempus
719 1478 845 1564 aliquod
862 1478 940 1545 aditi
953 1479 1075 1566 judiois.
1117 1482 1187 1550 Nee

67 1571 198 1640 aliunde
209 1574 298 1666 origo
310 1575 516 1668 singularium
528 1577 732 1644 certaminum
744 1601 815 1666 quse
828 1588 902 1645 ante
913 1579 1185 1650 Christianismum

68 1749 135 1804 Qum
154 1755 279 1811 postrema
296 1752 370 1814 plens
392 1753 528 1814 prudentie
551 1769 603 1801 ms·
653 1755 679 1802 in
693 1770 745 1802 eum
759 1756 802 1817 qui
809 1757 879 1817 ficii,
894 1757 1001 1818 sequitur
1013 1763 1040 1805 si
1054 1773 1139 1807 rursum
1153 1759 1186 1808 at

66 1827 157 1874 teriam
168 1827 300 1874 disserendi
314 1833 340 1876 et
349 1828 499 1890 philosophis
512 1834 538 1876 et
548 1843 602 1876 ora·
652 1832 698 1878 hoe
712 1830 747 1877 ad
760 1831 828 1878 illum
842 1846 868 1878 se
881 1832 973 1893 referat
987 1834 1055 1892 ultio,
1075 1840 1111 1882 est
1123 1836 1186 1883 enins

64 1905 165 1951 toribus
181 1905 345 1965 prebuerunt.
374 1906 496 1952 Maximus
516 1906 603 1968 Tyr-ius
645 1907 749 1964 J'nstnm,
759 1909 997 1970 peruiriqneparti.
1020 1911 1185 1972 Siiditaesl,

63 1978 93 2024 in
118 1978 339 2026 dissertationem
358 1981 486 2028 reserenda
507 1980 603 2042 injuris,
651 1984 788 2044 quidnobis
797 1985 891 2045 steini,
906 1985 1013 2047 Jupiter,
1021 1986 1184 2045 junisone:

65 2054 216 2115 (Dissertat.
233 2067 263 2101 rr.
281 2070 338 2116 pag.
353 2058 391 2103 22.
431 2057 483 2104 Ed.
498 2055 602 2118 Doris.)
651 2059 907 2121 injuriiseenflaium!
920 2067 943 2108 et
956 2063 1130 2124 quoproeedel,
1142 2066 1184 2113 uss

64 2133 90 2178 el
114 2129 166 2192 γάρ
184 2130 199 2178 ὁ
218 2130 341 2188 ἀδικηθεὶς
355 2131 487 2192 ἀμύνεται,
503 2131 542 2182 del
557 2150 601 2193 ps·
650 2135 843 2182 oerostahitlree
852 2135 961 2184 malens?
986 2139 1105 2186 Aristides
1118 2140 1183 2188 Ora·

63 2208 189 2267 ταβαίνει
198 2207 231 2255 τὸ
241 2209 318 2255 κακὸν
332 2208 377 2255 ἀπ’
389 2210 471 2258 ἄλλον
480 2209 545 2272 πρὸς
553 2210 601 2258 ἄλ·
650 2212 714 2259 ts‘one
724 2212 753 2258 de
762 2212 849 2260 Panes
864 2212 906 2260 ‘ris
921 2211 972 2274 γιὶρ
985 2216 1038 2261 τῶν
1052 2213 1182 2272 Ἑλλήνων

62 2283 123 2342 λον,
139 2285 181 2331 nal
190 2285 326 2347 μετατηδᾷ
340 2285 382 2332 nai
395 2285 538 2347 διαδέξεται
547 2287 601 2334 ἄδι·
650 2285 832 2348 λειφθήσεται,
853 2288 876 2334 el
898 2285 941 2336 tri
959 2290 1020 2338 ‘reris
1041 2289 1183 2351 προτέρους
1251 2316 1254 2322 ·

61 2363 110 2409 xia
130 2361 236 2411 itania».
258 2363 279 2408 el
300 2361 351 2423 γᾰρ
370 2364 410 2424 τῷ
426 2364 495 2424 αὐτῷ
513 2363 600 2426 τούτῳ
649 2360 1182 2424 ἅπολωλοιιότας,οἱμετάὺτοῦιαίὶταν-

63 2440 124 2487 ema
139 2457 157 2499 „p
173 2439 212 2498 τῷ
227 2438 337 2486 παθόντι
353 2443 496 2500 συγχωριῐι
512 2437 600 2500 inefa-
648 2437 682 2483 τὸ
692 2437 771 2484 τοῦτο
784 2438 932 2498 veternorum
946 2441 1002 2502 quis
1011 2441 1072 2488 enin
1083 2439 1183 2490 Greco-

62 2514 123 2563 έναι
143 2514 178 2560 ele
194 2514 242 2560 τόν
258 2512 423 2572 ἀδικήσαντα,
438 2513 601 2575 ὅτινα-χωρεῖ
649 2526 702 2559 rum
711 2513 757 2560 erit
766 2512 878 2574 reliquus,
891 2516 914 2561 εἰ
919 2521 1022 2577 propter
1031 2531 1071 2566 eos
1079 2517 1182 2579 quijasss

63 2589 139 2636 aidis
158 2584 203 2636 ἆτ’
224 2589 320 2637 ἐκείνου
338 2589 404 2649 npo's
419 2589 468 2636 τὸν
484 2589 564 2637 αὐτὸν
583 2587 599 2646 ἤ
644 2589 741 2649 periere
758 2591 896 2649 superstites
914 2592 962 2638 nlis'
981 2599 1097 2655 perpetue
1118 2594 1182 2643 iden

61 2665 186 2725 τιμωρία,
206 2663 240 2710 τὸ
256 2663 308 2725 ‘yn'p
325 2664 421 2713 elxam
440 2663 482 2713 ἆτ’
501 2665 600 2724 ἀμφοῖν
648 2665 736 2711 maium
743 2664 847 2724 serent?
866 2666 1064 2730 (Tom.11.p.78
1078 2683 1103 2720 c.
1125 2670 1179 2721 Ed.

60 2742 132 2790 ἴσον.
149 2738 228 2802 inei
239 2743 281 2789 scel
292 2741 345 2788 sior
353 2741 504 2798 πεποίηκας,
518 2741 598 2788 dirus·
647 2741 681 2788 P.
693 2740 786 2802 Srepi.)
817 2741 898 2790 Habet
911 2743 974 2791 idem
985 2746 1106 2795 Aristides
1122 2761 1180 2796 sen·

62 2819 160 2874 oodrnr
171 2818 201 2879 ἐξ
209 2816 380 2878 ἀδικημάτωνς
395 2817 493 2864 stainei
501 2817 599 2877 finissi—
647 2830 700 2862 sum
710 2817 820 2874 similem,
835 2819 860 2863 in
871 2818 999 2866 Leuctrica
1008 2823 1121 2870 oeeunde.

60 2912 111 2941 ται
123 2893 156 2939 τὸ
167 2893 253 2952 κακὸν,
269 2892 311 2941 nul
321 2893 372 2940 nei
382 2892 516 2948 στήσεται·
531 2892 598 2938 Nam
691 2891 703 2925 ⁴
720 2892 763 2938 Sir
778 2893 846 2951 apud
865 2893 1000 2955 Umbrica]
1016 2896 1057 2942 An
1073 2897 1179 2946 Umbros

58 2971 86 3018 si
105 2970 128 3016 is
143 2970 185 3030 qni
196 2983 285 3030 passus
300 2974 335 3016 eet
354 2967 469 3026 injur-iarn
487 2968 597 3014 ultionem
646 2964 670 3010 in
682 2965 754 3011 ltalia
764 2966 912 3026 significatos
923 2969 1017 3016 voluit?
1038 2969 1113 3030 [Vide
1124 2972 1178 3021 Vs-

57 3051 146 3103 sumel,
161 3044 272 3091 transibit
286 3044 415 3090 malumst
429 3043 473 3089 hee
485 3042 597 3090 edilium
645 3053 743 3088 numum
763 3041 788 3087 in
809 3042 924 3104 Excerpt.
945 3043 1049 3095 Peiresc.
1069 3061 1095 3108 p.
1109 3048 1176 3110 518.]

58 3124 128 3170 velut
138 3122 203 3168 saltu
213 3121 323 3182 wedam,
338 3118 596 3177 etinjustitioeinjnsti·
645 3117 720 3176 Apud
730 3117 846 3162 Afrorum
864 3117 954 3164 multos
970 3119 1033 3166 idem
1048 3122 1121 3169 moris
1135 3124 1177 3172 lu.

58 3199 101 3246 iia
116 3195 237 3252 eucceder,·
253 3192 341 3255 quippe
355 3193 378 3240 si
393 3192 505 3251 hoejure
514 3194 596 3253 posito
644 3191 691 3238 lese
704 3193 822 3238 testis-ess
838 3191 889 3239 'eo
907 3193 970 3240 Afer
984 3194 1039 3244 Lib.
1050 3210 1081 3246 rr.
1105 3212 1126 3246 e.
1143 3200 1176 3249 ds

60 3270 174 3320 concedis
183 3271 206 3317 ei
214 3270 257 3332 qui
266 3269 355 3317 mum
359 3268 463 3330 pertulit
472 3268 596 3316 oindiem
644 3267 765 3326 Teieohis,
775 3273 801 3315 et
811 3270 891 3330 espite
901 3269 933 3316 de
943 3270 1062 3332 Teijeuts,
1073 3279 1100 3323 et
1108 3275 1174 3327 alibi.

56 3529 177 3603 pirates,
191 3526 229 3584 he
243 3527 383 3585 collected
394 3527 479 3600 ships,
493 3526 550 3582 and
564 3526 658 3599 partly
671 3533 724 3599 put
739 3526 826 3582 theiis
841 3532 871 3582 to
884 3526 974 3599 ssight,
988 3529 1083 3602 partly
1099 3531 1174 3588 eunk
1243 3542 1248 3555 “

58 3616 160 3682 them3
178 3616 235 3671 and
255 3616 334 3685 then,
360 3615 443 3672 when
462 3615 512 3671 the
532 3614 683 3686 proconsul
703 3631 758 3669 was
780 3615 848 3669 slew
865 3615 895 3668 in
919 3615 1072 3686 punishing
1090 3616 1173 3675 those

56 3703 125 3758 who
138 3704 222 3759 'were
248 3703 344 3769 taken,
363 3703 400 3759 he
423 3702 541 3758 himself
562 3701 697 3772 gibbeted
721 3702 808 3757 thom.
848 3701 909 3756 The
935 3718 1013 3758 sume
1036 3701 1119 3758 holds
1142 3703 1173 3759 in

57 3790 179 3853 deserte,
196 3806 229 3844 or
245 3791 337 3846 where
349 3807 416 3846 men
432 3790 487 3845 lire
507 3807 525 3844 a
545 3789 685 3844 Nomadio
701 3788 759 3844 life.
799 3788 837 3844 Se
853 3805 956 3859 among
970 3788 1020 3844 the
1034 3788 1173 3858 Umbrioi,

56 3894 90 3932 as
106 3875 241 3932 Nieholas
256 3876 450 3932 Damascenus
465 3876 576 3941 relates,
589 3893 674 3947 every
688 3877 777 3931 eneis
792 3874 836 3930 his
849 3893 911 3930 own
926 3892 1063 3946 arenger3
1080 3875 1173 3934 which

56 3965 82 4018 is
104 3963 163 4017 uiso
184 3962 234 4018 the
256 3971 366 4018 eustom
386 3981 491 4034 among
512 3963 562 4019 the
584 3963 762 4027 Museovites,
782 3962 858 4016 after
877 3979 895 4016 a
911 3962 1018 4016 certain
1036 3962 1172 4022 timebas

56 4049 176 4121 elapsed
199 4049 275 4105 from
289 4049 339 4105 the
351 4051 524 4122 application
539 4058 569 4106 to
584 4050 634 4107 the
654 4050 751 4122 judge.
787 4049 852 4103 And
867 4048 923 4103 this
938 4066 993 4104 was
1009 4049 1058 4105 the
1079 4051 1172 4124 origin

55 4138 92 4193 of
103 4137 152 4193 the
164 4137 245 4192 duels
260 4135 360 4202 which,
375 4137 473 4194 before
485 4139 534 4195 the
549 4135 787 4194 introductiones
800 4135 993 4208 Christianity,
1007 4153 1081 4193 were
1095 4155 1172 4195 eom.

54 4241 127 4281 mon
141 4240 245 4297 among
266 4223 316 4280 the
332 4225 457 4281 German
474 4227 596 4292 natione,
618 4226 675 4282 and
695 4241 744 4280 are
765 4231 817 4278 not
840 4230 889 4296 5et
909 4224 1077 4299 sufficiontly
1096 4243 1172 4299 gone

54 4319 109 4369 out
123 4312 158 4368 of
174 4329 233 4368 uso.
278 4311 344 4368 And
365 4319 405 4380 so,
425 4330 455 4369 es
476 4314 644 4371 Paterculns
659 4313 771 4380 relatus,
785 4311 835 4368 tho
852 4311 992 4366 Germane
1005 4311 1174 4386 uheutixeo
1215 4394 1223 4402 ⁶

971 4425 1100 4495 Yi-e
