2828 4920
69 200 142 257 (lar.
155 193 241 271 XV.]
286 200 341 257 DE
362 199 584 257 PEDERIBUS
606 199 655 258 dc
679 201 975 260 SPONSIOXIBUS.
1127 197 1190 261 145

73 368 148 446 Quo
166 364 330 455 pertinent
351 375 384 433 et
400 389 440 434 ea
456 389 527 455 qnae
547 368 622 435 alibi
644 368 807 436 attulimus
830 370 871 436 de
895 368 1047 460 religione
1063 370 1087 436 J
1089 367 1192 437 udaeo·
1204 394 1302 480 capua
1316 393 1354 446 ιι.

72 490 145 534 rum
161 475 198 534 et
216 465 494 534 Christianorum
484 491 518 534 ιιι
535 469 712 535 commilitio
729 491 799 536 cum
816 471 957 560 paganis.

151 569 173 633 2
202 566 267 633 Sed
286 575 320 633 et
339 565 367 630 si
388 588 429 632 ex
451 568 600 634 socictate
619 569 676 635 tali
699 570 840 656 prolana
863 592 938 658 opes
959 592 1108 661 magnum
1128 569 1192 638 sint

75 666 234 734 habitura
258 664 496 745 incrementum,
522 669 741 734 abstinendum
768 670 829 735 erit
847 680 940 735 extra
962 693 1113 737 summam
1136 693 1191 738 ne·
1206 692 1263 741 sylv.
1269 693 1358 734 marera

75 766 272 834 cessitatem.
296 767 336 830 In
356 785 420 851 qna
432 767 533 833 locum
558 769 665 844 habet,
687 768 798 854 quod
788 791 822 834 ιιι
844 769 937 835 simili
953 793 990 836 rc
1009 771 1089 837 dixit
1105 774 1191 839 Thu·
1204 733 1351 826 iiiiii?

76 865 227 956 cydltles:
260 860 547 960 ἁιιειιὶφθονονδι
530 898 559 950 ε,
586 868 660 936 iicet
684 865 802 961 ὥσπερ
827 869 880 937 sai
909 867 998 950 ημεῖς
1028 900 1093 940 urrc
1125 901 1193 940 των
1205 888 1314 930 tatae

74 963 247 1047 Ἀθηναίων
276 962 577 1052 ἔπιβουλευομεθιι,
604 999 648 1050 μη
641 964 918 1044 Ἕλληνας
874 999 982 1050 μρνον,
1009 964 1104 1038 α’λλα
1137 969 1192 1039 sal

74 1061 285 1160 βαρβάρους,
314 1064 582 1158 προσλαβόντας
615 1060 820 1149 διασωθῆναι·
871 1072 942 1136 His
971 1072 1030 1156 qui
1057 1071 1194 1137 insidiis

74 1170 290 1254 impetuntur,
310 1178 349 1233 ut
364 1189 422 1233 uos
437 1170 480 1233 ab
501 1170 764 1244 Atheniensibus,
785 1170 915 1233 invidia
927 1171 1006 1253 fieri
1022 1193 1087 1235 aon
1103 1171 1194 1238 debet

73 1270 109 1334 si
123 1269 269 1334 salutem
288 1280 440 1354 quarunt
456 1290 519 1333 aon
539 1270 730 1334 Graecorum
747 1271 842 1333 modo
858 1270 915 1333 secl
931 1282 961 1334 et
975 1271 1194 1336 barbarorum

74 1369 231 1434 auxiliis.
282 1368 356 1433 Non
373 1366 455 1433 enim
467 1367 521 1454 jus
536 1367 669 1455 quodvis
686 1367 796 1433 sufficit
812 1367 854 1433 ad
871 1367 904 1433 id
927 1368 1192 1448 committendum,

73 1468 165 1554 qnod
179 1465 334 1556 religioni,
356 1467 384 1532 si
400 1489 463 1532 non
483 1466 611 1544 directe,
635 1466 786 1534 indirecte
812 1476 917 1532 tamen
937 1467 1113 1532 nociturum
1136 1489 1194 1556 pu·

73 1576 175 1634 tetur.
224 1567 437 1645 Quaerendum
460 1567 541 1632 enim
562 1566 664 1656 primo
687 1566 754 1633 loco
776 1576 826 1632 est
847 1587 980 1655 regnum
1003 1566 1138 1645 coeleste,
1160 1568 1194 1635 id
1207 1594 1360 1635 ιιιιιιιιιι

73 1676 137 1746 est,
157 1666 322 1756 Evangelii
338 1665 534 1756 propagatio.

155 1769 177 1832 3
210 1766 394 1854 Optandum
411 1776 503 1844 esset,
524 1775 562 1833 nt
582 1765 672 1833 multi
690 1767 784 1833 hodic
805 1765 962 1854 principes
981 1788 1018 1833 ac
1035 1766 1142 1856 populi
1158 1766 1192 1835 in

75 1866 217 1933 animum
242 1865 447 1932 admitterent
468 1866 599 1933 liberam
621 1877 653 1934 et
678 1867 760 1954 piam
784 1889 891 1933 rocem
912 1867 1058 1934 Falconis
1080 1867 1193 1934 Archi-

76 1966 216 2056 episcopi
235 1966 393 2054 quondam
410 1967 584 2044 Remensis,
602 1967 749 2032 Carolum
769 1967 946 2054 Simplicem
964 1967 1008 2032 sic
1024 1968 1193 2034 admonen·
1206 1978 1332 2065 {lgm

76 2068 143 2135 tis:
172 2069 255 2149 Quis
279 2089 347 2132 con
373 2079 563 2152 expavescat
585 2089 641 2133 uos
666 2070 893 2133 'inimicorum
912 2069 981 2138 Dei
1005 2070 1253 2134 amicitiaeue-e

76 2169 170 2246 velle,
194 2190 236 2234 ac
260 2169 299 2233 ia
320 2167 447 2233 cladem
472 2179 502 2233 et
524 2168 658 2231 ruinam
680 2169 822 2232 ιιοιιιὶιιίι
847 2168 1034 2233 Christiani
1052 2190 1194 2254 pagana

77 2290 182 2333 arma
200 2280 231 2334 et
241 2269 378 2354 jadera
400 2269 564 2352 suscipere
585 2266 808 2332 detestanda?
852 2267 954 2332 Nihil
977 2269 1060 2332 euim
1088 2270 1195 2334 distat

76 2380 193 2433 utrum
210 2370 285 2454 quis
307 2389 340 2433 se
348 2367 498 2454 paganis
515 2367 622 2442 societ,
644 2389 689 2430 aa
712 2367 872 2450 abstepato
888 2367 960 2431 Deo
984 2368 1077 2432 idola
1094 2368 1192 2436 colat.

77 2469 197 2533 Exstat
224 2466 311 2554 apud
335 2466 504 2531 Arriannrn
534 2465 651 2531 dictum
675 2463 868 2530 Alexandri:
902 2457 1024 2532 ἀδικεῖν
1053 2461 1193 2556 μεγάλα
1206 2483 1313 2530 mut·

78 2563 160 2640 ‘rods
176 2561 611 2659 orporeuoue'uovse'uauria
629 2566 673 2665 τῇ
685 2554 831 2633 ‘Ertaia
856 2560 948 2656 παρὰ
966 2566 1039 2635 τοῖς
1054 2562 1193 2660 βαρβᾶ·

69 2743 188 2805 formula
197 2741 352 2803 disparasset.
373 2741 612 2802 (Lib.1x.pag.158.
660 2741 733 2788 rebus
740 2739 817 2787 isaaci
826 2740 915 2800 Angelt
926 2741 980 2789 Lib.
988 2754 1016 2787 ιι.
1027 2745 1109 2802 capit
1127 2743 1194 2792 Pro.

82 2818 152 2866 Edtt.
166 2819 244 2866 Weclr.
255 2816 335 2876 157a)
661 2817 756 2862 dicatur
771 2817 848 2875 pietas
863 2817 1002 2863 Emanuelis
1017 2818 1085 2865 ducis
1100 2819 1194 2868 Saban.

126 2895 305 2941 ⁸Inimicorum
321 2892 371 2940 Dei
388 2892 520 2938 amicitiam
537 2891 610 2951 celle]
661 2892 714 2947 dire,
726 2891 767 2950 qni
779 2891 884 2950 Cyprum
895 2905 942 2952 ope
954 2893 1040 2940 Tucca
1049 2909 1194 2958 recuperare

77 2970 228 3032 Exemplum
244 2970 271 3016 in
287 2968 401 3016 Maeuia
419 2966 486 3028 apud
501 2966 611 3020 Niceten)
661 2980 715 3012 cnm
727 2972 817 3026 posset,
833 2966 920 3015 noluit.

79 3221 200 3279 soldiers
213 3220 283 3277 with
296 3219 445 3276 heathens.

137 3314 155 3363 2
176 3309 235 3363 But
248 3307 275 3361 if
288 3308 339 3362 tho
357 3305 488 3376 strength
507 3305 541 3359 of
552 3303 601 3358 the
620 3302 739 3375 prosanc
764 3304 787 3357 is
809 3301 896 3373 likely
915 3298 981 3354 thus
1003 3304 1033 3354 to
1050 3299 1088 3354 be
1107 3297 1193 3354 much

79 3393 237 3455 increased,
260 3410 303 3448 ae
323 3399 400 3446 must
422 3391 532 3445 abstain
553 3389 628 3444 from
649 3389 718 3443 such
740 3389 882 3452 altionem,
907 3392 1008 3456 cxccpt
1028 3386 1058 3439 in
1079 3402 1144 3440 case
1162 3384 1196 3440 of

79 3481 238 3550 necessity:
261 3478 332 3534 such
346 3495 378 3532 as
393 3477 572 3549 Thucydides
587 3475 687 3547 spcsks
702 3474 739 3530 of.
776 3470 868 3545 [Sec]
904 3473 961 3527 For
975 3472 999 3526 it
1012 3472 1037 3526 is
1052 3483 1103 3526 not
1115 3487 1193 3527 mere

78 3565 159 3638 right
170 3564 262 3620 which
273 3564 394 3635 justifies
410 3581 475 3617 men
491 3564 520 3616 in
535 3563 622 3632 doing
636 3561 710 3615 what
723 3578 788 3632 may
802 3559 951 3630 indirectly
966 3557 1048 3612 barm
1063 3558 1192 3630 religion.

78 3653 140 3707 We
150 3657 227 3708 must
245 3652 312 3706 sech
332 3651 394 3705 first
411 3649 461 3706 the
482 3650 550 3720 kin
535 3650 618 3703 edom
634 3648 667 3702 ot
684 3647 757 3713 God,
771 3646 857 3702 ttrat
849 3664 881 3711 rs,
895 3646 945 3700 thc
959 3645 1146 3717 propagation
1163 3643 1199 3700 ol

78 3739 133 3796 the
148 3738 263 3812 Gospel.

136 3832 153 3882 3
175 3827 204 3881 It
217 3842 292 3881 were
303 3830 334 3881 to
346 3823 383 3879 be
395 3821 500 3876 wished
515 3821 578 3875 that
597 3836 683 3892 many
701 3820 814 3891 princes
835 3818 891 3873 and
907 3817 1024 3890 pcoplcs
1041 3816 1135 3871 would
1146 3815 1194 3888 lay
1230 3834 1240 3855 ·

78 3921 114 3970 to
124 3913 208 3968 beart
219 3912 282 3967 that
296 3910 397 3966 liberal
408 3909 464 3964 and
476 3909 593 3979 picus.
573 3907 672 3977 saying
655 3907 720 3960 ‹rof
732 3907 814 3969 Fulk,
829 3904 1007 3976 Archbishop
1022 3902 1056 3956 of
1067 3901 1194 3967 Rhcims,

78 3998 146 4053 who
158 3999 224 4053 thus
236 3996 422 4053 admonished
438 3994 554 4050 Charlcs
566 3992 616 4047 tho
633 3993 757 4063 Simplc:
786 3993 879 4046 ero'
869 4011 891 4048 ιι
910 4001 956 4045 etot
974 3989 1099 4044 alar-ruod
1119 3989 1195 4042 wleu

76 4103 137 4158 you
150 4085 206 4138 seek
218 4086 258 4139 tlte
268 4085 428 4154 friendsldp
443 4085 478 4155 of
495 4082 536 4135 tlrc
550 4080 660 4133 ceteruia
676 4083 712 4151 os
726 4079 806 4138 God‚·
825 4080 884 4131 aud
902 4079 982 4131 irruite
997 4077 1037 4130 tle
1055 4092 1195 4145 coopera-

80 4171 141 4226 tiou
154 4171 213 4222 and
226 4171 267 4224 tlte
278 4188 354 4223 arms
365 4171 402 4239 os
414 4185 523 4238 pacans
533 4168 589 4235 sor
604 4168 644 4220 stc
656 4167 786 4235 calamity
800 4166 859 4218 ond
872 4165 938 4217 racia
952 4165 990 4232 os
1002 4163 1042 4216 tle
1055 4161 1195 4216 Christian

79 4255 186 4311 mame?
213 4256 241 4310 It
252 4256 342 4309 makes
353 4274 389 4308 uo
401 4257 538 4324 difference
550 4254 663 4308 uvlrctlrcr
676 4271 732 4324 arry
744 4269 792 4306 oue
800 4252 874 4324 joius
887 4251 999 4319 lrirusclf
1005 4249 1068 4302 wirla
1078 4263 1195 4319 papam,

80 4342 216 4398 ardentes
230 4342 294 4396 God
304 4343 362 4395 aad
372 4342 502 4413 ucrslrips
514 4341 592 4396 idola
630 4341 724 4396 There
737 4339 760 4394 is
772 4339 803 4393 in
814 4338 918 4393 Arrian
929 4353 947 4391 a
958 4335 1057 4410 saping
1068 4334 1101 4390 oi
1109 4333 1194 4388 Alex·

186 4488 304 4579 [onor.
323 4491 373 4582 ιι]
1048 4434 1092 4499 10
