2828 4920
66 257 142 315 Onu.
157 251 254 328 xxi]
288 257 341 312 DE
363 255 571 313 POENARUM
594 254 962 313 consummemus.
1119 247 1185 311 345

70 425 157 491 tiam
176 423 326 510 pnlsent.
383 424 523 511 Onmqne
552 424 737 492 Laurentes
754 425 832 510 jure
860 426 1006 512 yentium
1040 434 1183 508 sperent,

70 528 167 612 apud
208 527 346 590 Tatium
376 527 493 610 pretio
526 546 660 590 snorum
690 537 720 591 et
747 549 862 611 preces
885 528 966 612 plue
992 534 1181 639 potuerunt.

70 628 185 710 Ipitnr
209 626 344 690 illorum
362 647 496 711 possiem
522 626 559 691 in
583 647 617 692 se
641 629 748 691 uertit
801 627 873 691 Huc
899 626 1025 714 proprie
1045 623 1183 712 pertinet

70 724 150 790 illud
168 723 307 790 Salviani
323 723 364 791 do
380 725 527 813 regibus:
554 728 733 792 mPotestas
754 750 878 813 nseyna
900 739 930 792 et
941 727 1180 813 potentissima,
1195 745 1344 833 pingant,

72 848 147 912 queo
158 826 332 911 prohibere
352 827 455 892 scelus
477 827 658 891 monimum
674 839 792 912 potest,
812 850 909 911 quast
903 829 1051 913 probet
1070 827 1182 891 debere

64 928 194 1011 fieri
163 950 193 992 se
210 927 314 992 sciens
325 928 460 1012 patitur
471 929 671 1012 perpetrari.
715 925 760 992 Et
777 927 862 1014 npud
879 926 1097 1015 Thucydidem
1114 932 1181 991 cst:

72 1017 277 1100 ὀδυνᾶιιενος
297 1029 433 1101 παῦσαι,
452 1023 681 1119 ἀληθέστερον
698 1017 770 1119 δρᾷ·
795 1030 904 1113 mayis
928 1028 970 1093 ill
970 1050 986 1093 e
998 1028 1103 1112 facit,
1124 1026 1183 1109 qui
1195 1038 1302 1080 iatum

66 1139 177 1213 potest
195 1128 378 1212 prohibere.
423 1124 475 1191 Sic
499 1126 585 1213 apud
611 1126 733 1192 Livium
755 1128 964 1193 Veientest
931 1135 964 1193 et
988 1125 1094 1192 Latini
1116 1126 1317 1234 Βο-ιιιιήιιιι(ι

73 1227 176 1292 manis
198 1249 232 1292 se
255 1235 415 1305 excusant,
439 1225 523 1312 quod
544 1226 616 1292 host
603 1235 651 1292 tes
676 1248 783 1292 eorum
805 1249 825 1292 a
846 1226 978 1293 subditis
1000 1225 1063 1292 suis
1083 1223 1183 1311 adjuti

73 1337 189 1404 essent,
208 1349 242 1392 se
257 1326 369 1394 insciis.
423 1327 541 1392 Contra
558 1327 669 1392 Teutae
691 1326 811 1415 regines
829 1326 1010 1416 lllyriorum
1027 1347 1090 1391 non
1105 1323 1183 1390 acci·
1170 1349 1327 1400 -euynne

73 1426 161 1515 pitur
176 1427 343 1504 excusatio,
360 1426 444 1514 qnod
462 1425 581 1493 diceret
597 1448 660 1492 non
677 1447 697 1491 n
712 1449 755 1504 se,
768 1427 823 1493 scd
840 1425 1004 1493 nsubditis
1021 1424 1183 1513 piraticam

73 1528 235 1594 exerceri:
261 1527 459 1614 nequeenim
477 1526 671 1613 prohibebat.
723 1527 829 1594 ”Olim
845 1528 885 1593 ab
901 1525 1185 1614 Amphictyonibus

74 1627 216 1693 damnati
247 1627 361 1716 Scyrii,
391 1626 475 1713 qnod
504 1647 631 1692 suorum
663 1628 812 1714 quosdam
842 1626 1005 1716 piraticam
1036 1645 1185 1692 exercere

73 1727 284 1816 patiebantur.

150 1830 170 1894 6
203 1825 284 1892 Sciri
306 1833 410 1894 nutem
433 1824 525 1893 facile
548 1836 596 1894 est
617 1836 655 1894 ut
676 1838 905 1916 praesumantur
925 1850 996 1916 quae
1019 1824 1185 1915 conspicua

72 2003 606 2067 πέοχιιπῶνπεπολμημίνωνςὶποινόποῦ-
654 2006 727 2052 eliem
741 2007 858 2066 probasse
875 2005 940 2067 quod
957 2004 1083 2066 epehntur.
1118 2002 1184 2050 Dion

74 2098 107 2128 πο
122 2084 164 2128 καὶ
182 2080 351 2142 ἀποδέχομαι.
365 2079 426 2127 ἀλλ’
437 2080 487 2126 οὐδ’
497 2079 607 2140 ἐπέσχον
656 2081 750 2128 Galbae
765 2086 821 2128 τοῖς
833 2082 878 2141 μὲν
892 2081 943 2141 γάρ
958 2080 1069 2126 ldsoirsss
1080 2078 1184 2139 ἀπόχρη

72 2157 110 2204 w*
122 2156 253 2217 γενόμενα·
269 2157 349 2203 τοῦτο
360 2155 516 2214 κατηγορίας
525 2154 607 2214 ἄξιον·
654 2157 730 2215 μηδὲν
738 2157 841 2204 ἀδικεῖν.
852 2163 908 2203 reis
918 2156 943 2202 δὲ
953 2155 984 2210 δι’
992 2153 1041 2201 reis
1049 2153 1184 2214 ἡγεμονίαι

73 2234 244 2294 ohhocipsnm,
255 2231 607 2294 inqnit,serpoenas,etnltime
655 2229 758 2290 ἔχουσιν
780 2231 879 2293 ἀνάγκη
903 2235 1022 2288 προνοεῖν
1042 2230 1110 2276 ὅπως
1127 2229 1184 2289 μηδ’

73 2309 112 2355 lue
130 2309 252 2369 supplicia
267 2308 332 2368 qnod
349 2321 395 2353 non
414 2305 524 2366 affuisti,
543 2305 607 2367 qnod
654 2304 733 2353 ἄλλοι
748 2307 886 2367 κακουργῇ·
904 2305 1017 2352 Privatis
1032 2306 1121 2368 sufficit
1137 2319 1184 2351 non

73 2399 120 2430 non
135 2383 292 2443 prohibuisti,
312 2383 377 2444 quod
399 2383 541 2429 insanientes
559 2395 606 2427 non
655 2381 801 2443 delinquere:
819 2384 845 2429 in
854 2383 954 2443 imperio
964 2382 1184 2442 aqemtnmtncnn·

73 2459 201 2516 retinuisti,
211 2457 393 2519 quodperienle
403 2471 448 2502 non
457 2456 551 2502 subiisti
557 2469 605 2516 pro
655 2456 717 2504 ditet
725 2458 768 2504 hoe
775 2465 894 2505 astarem
901 2457 1024 2517 delinquet
1030 2457 1103 2513 clins,
1112 2455 1183 2518 (pag.

74 2534 162 2581 honore
171 2533 337 2594 Imperatoris.
368 2529 605 2592 Perticepsnonsn·
655 2531 699 2579 199
715 2543 740 2576 ιι.
772 2529 823 2579 Ed.
839 2530 874 2579 Η.
890 2529 983 2591 Steph.)
1014 2530 1044 2576 In
1060 2543 1081 2578 c.
1098 2532 1121 2577 4.
1138 2531 1184 2592 85.

74 2608 280 2669 istisacinornm?
302 2607 397 2657 ‚lando
407 2607 458 2663 hoe,
468 2611 490 2652 et
500 2606 555 2651 boni
564 2620 606 2653 nc·
655 2607 712 2652 nodi
724 2606 838 2652 Pistensis
848 2607 933 2666 positas
943 2605 1007 2651 inter
1015 2605 1123 2666 capitulo
1134 2605 1184 2653 Cn·

74 2684 151 2744 cipio:
171 2683 214 2730 sed
230 2697 271 2730 nee
289 2682 444 2745 qnoefiehent
460 2679 605 2741 impediisti;
654 2681 700 2727 soii
716 2681 784 2728 Calvi
802 2681 929 2727 hebemus:
953 2679 1014 2728 Non
1033 2685 1067 2726 est
1085 2680 1148 2727 liter
1165 2695 1184 2728 a

74 2759 241 2816 leocoeroJ'nm
250 2758 347 2819 dipsium
356 2756 479 2804 accusari.
651 2769 764 2802 consensu
773 2756 816 2815 qui
822 2755 886 2816 quod
894 2755 1016 2802 emendem
1020 2759 1100 2816 potest
1108 2769 1184 2802 emen.

119 2843 137 2868 ¹²
156 2835 267 2881 Potestas
287 2847 375 2894 mnqne
394 2838 418 2880 et
431 2831 604 2891 potentissima,
654 2833 714 2878 dere
734 2831 849 2891 neplipit:
876 2835 1023 2890 quapropter
1040 2830 1092 2876 sine
1111 2831 1184 2877 «intio

73 2924 126 2971 qnoe
137 2909 266 2971 prohibere
281 2909 357 2956 metm
374 2907 502 2953 maximum
513 2904 604 2965 potest]
650 2904 744 2964 peccati
753 2917 777 2948 se
784 2902 927 2962 participem
934 2901 1009 2962 feeit.
1036 2901 1099 2948 Vide
1110 2902 1183 2949 Nico·

73 2986 145 3033 Philo
160 2986 186 3032 in
196 2985 318 3041 Flaccum,
334 2983 402 3044 (pag.
412 2982 458 3030 9l0
475 2982 511 3041 a.)
526 2981 540 3027 ὁ
553 2979 604 3040 γάρ
653 2984 703 3026 tam
718 2977 861 3025 Chonistem
877 2977 939 3023 libro
950 2989 979 3023 11.
995 2976 1025 3024 de
1038 2977 1182 3026 Andronico.

73 3062 247 3116 ἐπιπλήττειν
257 3060 272 3117 ii
281 3062 314 3108 τὸ
324 3061 492 3108 πανύστατον
501 3057 605 3117 ἐπέχειν
651 3055 727 3117 (οψ.
735 3053 774 3114 3.)

72 3137 105 3184 ἅν
121 3137 237 3195 innuitis,
253 3138 275 3182 el
291 3135 325 3195 pri
335 3134 470 3192 κεκώλυκε,
486 3131 560 3186 δῆλοι
575 3129 604 3186 ἦν
699 3141 712 3167 ¹·
730 3131 794 3177 otim
806 3129 837 3176 oh
849 3127 1060 3189 Amphictyonum
1074 3127 1184 3178 damnati

74 3213 155 3273 ε’φιιὶι
166 3213 208 3259 καὶ
224 3211 373 3270 ἐπιτρέπων
389 3209 473 3256 αὐτόν·
489 3223 546 3255 nam
561 3209 605 3269 qui
654 3205 748 3268 Scyrii]
766 3205 910 3253 Plutarchus
929 3203 1033 3263 Cimone,
1054 3203 1123 3268 (pag.
1137 3207 1184 3255 483

73 3290 201 3349 cestipere,
216 3293 277 3334 certe
293 3285 398 3331 inhibere
409 3285 490 3343 potnit
495 3299 506 3340 ;
521 3285 544 3330 si
558 3299 605 3330 non
652 3281 689 3342 e.)

73 3365 190 3425 impediit,
214 3361 335 3409 habendus
353 3364 388 3407 est
405 3359 543 3419 permisisse
562 3363 605 3406 ent

75 3601 182 3657 Totius.
236 3600 275 3655 So
301 3599 414 3654 Salrinn
437 3599 537 3671 speaks
564 3598 598 3654 oi
616 3599 706 3670 kings.
754 3597 819 3653 And
841 3597 1020 3669 Thucydides
1043 3613 1115 3671 says,
1137 3595 1183 3653 Hs

73 3684 132 3743 who
151 3687 231 3743 could
241 3696 353 3760 prevenit
367 3687 388 3741 it
403 3687 462 3740 does
481 3687 511 3741 it.
550 3686 588 3739 So
603 3687 633 3739 in
647 3687 727 3757 Livy,
740 3684 790 3740 the
804 3684 939 3739 Veientes
956 3684 1013 3740 nnd
1031 3684 1183 3741 Rutulians

73 3792 174 3831 excuse
189 3773 357 3830 themselves
372 3779 402 3828 to
418 3773 467 3827 tho
482 3773 616 3837 Romans,
635 3773 665 3826 in
685 3771 749 3826 that
767 3770 842 3826 their
857 3771 979 3841 subjecte
993 3770 1050 3825 hed
1064 3769 1184 3826 assisted

73 3862 124 3917 the
136 3862 260 3918 enemies
274 3861 308 3915 oi
326 3860 376 3915 the
389 3860 524 3921 Romans,
538 3858 605 3930 they
623 3856 726 3931 haring
748 3875 786 3913 no
804 3857 968 3929 knowledge
990 3855 1024 3911 of
1042 3855 1091 3911 the
1112 3855 1181 3913 tect.

73 3949 140 4003 And
154 3964 192 4004 on
210 3948 260 4003 tho
272 3947 355 4002 other
368 3945 453 4009 hand,
468 3944 516 3999 tho
531 3961 634 4000 excuse
652 3946 686 4000 oi
699 3948 799 4010 Teuta,
821 3945 870 4000 the
888 3956 980 4016 queen
999 3943 1032 3998 oi
1047 3942 1097 3998 the
1114 3941 1183 4013 Illy-

73 4035 159 4098 rians,
173 4035 196 4089 is
210 4039 262 4089 not
276 4033 420 4104 accepted,
432 4031 514 4085 when
530 4031 580 4086 she
595 4032 656 4086 said
673 4032 736 4087 that
750 4033 848 4104 pirecy
861 4049 916 4086 was
931 4037 982 4086 not
993 4027 1134 4102 practised
1144 4026 1184 4099 by

73 4120 136 4186 her,
148 4120 200 4175 hut
211 4120 250 4192 by
261 4119 314 4172 hor
328 4118 467 4188 subjectss
489 4117 535 4172 ior
549 4117 599 4172 she
610 4117 659 4172 did
673 4126 725 4173 not
742 4126 862 4190 present
876 4119 908 4172 it.
947 4117 1010 4171 And
1026 4117 1056 4169 in
1070 4113 1185 4169 ancient

74 4208 158 4263 timos
171 4206 219 4261 the
233 4205 364 4277 Seyrians
378 4221 450 4260 were
462 4203 638 4259 condemned
656 4203 694 4276 hy
705 4203 754 4258 the
766 4203 968 4275 Amphictyous
982 4201 1103 4257 became
1114 4198 1184 4272 thoy

73 4292 193 4349 allowed
205 4309 284 4347 some
299 4291 332 4346 oi
341 4290 416 4346 their
426 4292 527 4363 pcople
540 4296 570 4345 to
584 4290 706 4362 practico
718 4289 823 4362 plraey.

131 4383 148 4434 6
171 4379 198 4434 It
216 4379 241 4433 is
259 4394 326 4451 easy
341 4384 371 4434 to
387 4377 524 4450 know,so
545 4377 590 4432 ior
606 4394 636 4432 as
651 4376 846 4448 presumption
860 4390 936 4446 goes,
950 4379 1011 4430 acts
1026 4369 1117 4428 which
1133 4388 1184 4429 sss

73 4466 260 4540 conspicuous
274 4465 331 4520 and
344 4465 435 4522 which
449 4482 498 4521 are
509 4464 650 4536 frequent.
686 4462 773 4518 What
791 4463 814 4517 is
833 4461 907 4517 dono
921 4459 960 4534 by
974 4476 1068 4534 many,
1078 4476 1132 4516 osu
1146 4459 1184 4516 ho
