2828 4920
55 257 128 313 Cae.
143 256 227 327 XX.]
506 260 558 316 DE
581 261 721 318 POENIS.
1110 255 1174 319 253

56 449 134 493 mus
151 427 243 491 liaud
264 425 438 493 levioribus
455 429 609 495 remediis
630 429 878 515 restiuyueudus
895 442 951 508 est,
977 451 1076 516 quam
1100 430 1175 496 libi·

56 529 195 593 dinibus
213 528 368 592 ardescit.
1169 552 1173 557 ·

134 629 156 691 2
192 625 391 691 Punitionem
417 649 488 714 quae
513 627 586 695 huic
610 627 664 694 fini
688 628 819 695 inservit
843 637 958 696 natura
982 629 1081 696 cuivis
1106 649 1175 695 esse

56 724 186 800 licitam,
204 724 258 811 qui
273 724 392 811 judicio
410 728 525 805 ualeat,
548 738 581 795 et
597 727 748 815 ejusmodi
765 730 890 818 generis
913 738 968 797 aut
985 729 1112 817 paribus
1128 728 1174 796 vi·
1187 746 1316 793 raom-m

56 825 110 892 tiis
127 846 192 890 non
209 833 366 905 teneatur,
384 849 424 892 ex
442 848 480 893 ea
496 850 568 914 qum
585 828 689 894 verbis
706 830 742 896 fit
760 830 963 919 castigatione
979 836 1124 918 apparet.

1187 795 1295 843 quassa
1303 795 1323 833 ³.

280 955 412 1011 Amicum
426 957 564 1028 castigare
579 957 616 1013 ob
632 959 762 1014 meritam
777 960 899 1026 noxiam,
1186 960 1257 1048 {pult
1268 961 1330 1002 msa

280 1041 411 1098 Immune
426 1050 470 1099 cst
484 1044 603 1109 facinus,
616 1061 715 1100 verum
730 1047 760 1099 in
774 1052 859 1102 aetate
873 1045 953 1101 utile.
1222 1033 1229 1049 ’
1249 1033 1257 1048 ’

56 1151 101 1216 In
122 1148 307 1216 verberibus
328 1173 403 1216 uero
429 1159 463 1218 et
488 1151 556 1217 aliis
578 1174 650 1238 quse
673 1151 837 1219 coactionis
862 1151 980 1239 aliquid
1003 1150 1173 1230 continent,

55 1250 228 1316 discrimen
250 1246 349 1317 tinter
371 1273 520 1339 personas
543 1252 654 1338 quibus
676 1251 710 1318 id
726 1252 818 1319 liceat
840 1260 974 1319 autnon
997 1251 1089 1318 liceat
1112 1273 1176 1318 non

54 1349 243 1416 estfactum
258 1360 409 1417 enatura
426 1354 540 1439 (neque
557 1351 638 1417 enim
656 1352 768 1439 potuit,
788 1352 849 1418 nisi
866 1352 949 1439 quod
963 1351 1045 1418 ratio
1062 1372 1176 1439 paren·

54 1451 146 1517 tibus
166 1449 200 1514 in
215 1450 331 1516 liberos
355 1450 422 1537 ejus
435 1451 516 1539 juris
531 1452 765 1539 usurpationem
782 1474 842 1541 pro
862 1453 992 1519 affectus
1008 1451 1176 1518 necessitu-

55 1551 136 1616 dine
162 1549 361 1637 peculiariter
382 1552 590 1634 commendat)
614 1551 670 1617 sed
692 1574 712 1617 a
731 1552 861 1641 legibus,
886 1575 956 1639 quse
982 1573 1175 1618 communem
1226 1560 1228 1564 '
1256 1629 1259 1634 1

54 1651 149 1715 illam
175 1649 300 1737 generis
332 1649 459 1716 humani
494 1651 768 1740 propinquitatem,
802 1653 1002 1718 uitandarum
1033 1649 1176 1717 rixarum

55 1771 153 1838 ergo,
178 1750 220 1815 ad
245 1749 405 1837 proximos
428 1750 557 1816 affectus
582 1750 822 1828 restrinxerunt,
848 1760 885 1817 ut
908 1751 1016 1817 videre
1037 1760 1086 1816 cst
1107 1759 1178 1817 tum

56 1850 150 1927 alibi,
175 1858 243 1915 tum
266 1848 382 1917 Codice
401 1849 608 1927 Justinianeo,
632 1850 722 1916 titulo
745 1851 785 1916 de
810 1850 1027 1917 emendatione
1045 1850 1176 1939 propin-

56 1972 218 2038 quorum:
245 1972 306 2038 quo
324 1959 357 2016 et
373 1949 450 2016 illud
464 1950 604 2038 'pertinet
622 1948 838 2038 Xenophontis
852 1951 894 2016 ad
911 1950 1042 2017 milites:
1069 1951 1097 2019 εἰ
1115 1946 1177 2030 μὲν
1189 1978 1310 2028 ονομα.

57 2046 119 2121 ἐπ’
138 2047 259 2141 ἀγαθῷ
274 2045 424 2119 ἐκόλασα
442 2046 528 2127 τινὰ,
547 2046 627 2139 ἀξιῶ
644 2047 779 2146 ὑπέχειν
792 2042 888 2132 δίκην,
907 2056 977 2119 οἵαν
993 2048 1046 2118 rai
1063 2052 1176 2139 γονεῖς·
1189 2025 1292 2074 cenea
1304 2024 1338 2075 ῃ

59 2152 146 2240 υἱοῖς
177 2151 228 2220 καὶ
259 2143 446 2220 διδάσκαλοι
475 2153 581 2218 παισί.
624 2150 677 2218 καὶ
700 2148 775 2244 Ὑοῖρ
806 2145 914 2244 torpel
942 2145 1101 2228 τέμνουσι
1124 2147 1176 2221 roi

58 2253 210 2321 καίουσιν
227 2247 280 2319 ἐπ’
298 2249 429 2340 ἀγαθῷ·
452 2253 484 2316 si
501 2273 592 2334 quem
610 2263 650 2315 ut
662 2253 827 2337 prodessem
843 2252 1021 2328 verberavi,
1044 2274 1177 2338 penam
1209 2337 1213 2343 .

58 2354 178 2418 debere
195 2373 244 2418 mc
255 2353 420 2438 perofiteor,
438 2352 564 2437 quictem
575 2363 731 2436 parentes
747 2352 843 2436 filiis,
862 2362 892 2417 ct
908 2354 1064 2437 mapistri
1079 2352 1179 2418 disci·
1256 2362 1260 2369 '

52 2453 166 2540 pulis.
210 2455 305 2519 Nom
327 2464 358 2517 ct
380 2451 499 2516 medici
522 2463 677 2537 esprotum
699 2473 757 2517 suo
782 2453 889 2537 ipsius
910 2453 992 2517 bono
1009 2463 1113 2518 uruat
1135 2473 1178 2518 ac

60 2561 188 2621 secant.
236 2550 418 2618 Lactantius
441 2549 521 2615 libro
537 2571 591 2616 vi:
616 2552 718 2616 Jebet
735 2553 827 2617 Deus
848 2564 886 2616 ut
908 2574 1027 2619 neamus
1048 2564 1335 2632 aestrcscaanuc

61 2674 165 2738 super
192 2654 331 2718 missores
356 2672 477 2737 semper
502 2651 687 2727 traheremus,
713 2652 773 2716 hoc
798 2662 853 2727 est,
877 2662 915 2716 ut
934 2665 1106 2738 peccantes
1126 2674 1180 2719 ees

61 2754 216 2818 assiduis
237 2753 423 2818 verberibus
445 2743 660 2836 corripueram}
683 2772 722 2816 me
745 2773 855 2816 amore
877 2753 996 2818 inutili
1017 2765 1048 2818 et
1068 2753 1180 2818 indul·

60 2855 180 2939 peritia
195 2854 304 2917 nimia
315 2853 496 2919 ‚edesseutur
512 2852 559 2915 ad
576 2851 698 2915 malum
717 2861 747 2916 et
764 2852 811 2915 ad
826 2853 914 2919 vitia
929 2854 1136 2919 nutricatur.
1177 2847 1180 2851 ’

64 3029 219 3090 corripimur.
250 3028 319 3075 Idem
335 3027 365 3074 de
379 3027 426 3074 Ira
446 3039 477 3074 11.
498 3027 537 3074 m.
567 3026 598 3074 In
648 3028 736 3084 nentia,
750 3028 1163 3094 etaliaquoeprosutaerotorqueut.

65 3107 106 3153 his
117 3112 185 3152 erunt
194 3105 423 3165 eontmaqtmrmus,
435 3109 599 3165 parentesque,
693 3105 702 3136 ⁸
724 3103 791 3149 luter
805 3118 923 3163 personas
943 3107 1029 3167 quibus
1048 3107 1077 3153 id
1094 3107 1178 3170 licent]

66 3187 89 3228 ct
98 3181 203 3240 judices,
221 3195 322 3242 quorum
336 3180 464 3240 carticello
481 3179 517 3225 ric
534 3179 599 3226 acci·
650 3175 715 3225 Vide
726 3178 893 3238 Augustinum
903 3179 1049 3228 Euchiridio
1059 3195 1113 3245 cap.
1124 3185 1164 3230 72.

19 3239 36 3259 “
60 3257 157 3319 picride
165 3262 208 3315 ert,
217 3255 333 3317 ᾳιιονιοάο
341 3254 487 3313 scalpellum,
497 3257 519 3300 et
526 3253 602 3300 alsti-

67 3460 155 3516 Plnto
169 3459 226 3514 and
237 3460 362 3516 Tacitus.

126 3553 143 3600 2
173 3546 248 3601 That
262 3544 445 3617 punishment
456 3543 547 3600 which
562 3561 683 3600 answers
698 3545 768 3600 such
779 3561 817 3599 an
831 3543 896 3610 end,
911 3543 934 3599 is
949 3543 1043 3600 lawsul
1053 3550 1083 3602 to
1095 3563 1182 3621 every

68 3650 126 3689 one
140 3632 174 3708 οξ
185 3633 277 3688 sound
286 3633 446 3704 judgment,
457 3632 520 3687 who
532 3632 555 3686 is
567 3638 619 3685 not
630 3631 792 3703 implicated
804 3633 833 3684 in
845 3630 908 3686 that
920 3646 953 3685 or
964 3631 1013 3687 the
1024 3632 1082 3690 like
1096 3635 1181 3701 vices,

68 3737 190 3792 appears
203 3720 278 3776 from
293 3719 369 3773 what
389 3720 413 3774 is
435 3719 495 3774 said
518 3718 552 3773 of
571 3716 667 3772 serbnl
685 3719 860 3788 castigation.
899 3717 926 3772 lt
949 3719 971 3772 ie
993 3736 1031 3772 oa
1045 3721 1183 3791 anojfieicl

67 3809 159 3879 Dacty.
180 3805 248 3875 [See
266 3803 408 3874 Plautus]
454 3806 488 3859 In
508 3805 609 3876 stripes
624 3804 680 3858 and
696 3805 856 3868 inflictione,
871 3803 961 3858 which
982 3806 1096 3859 contain
1111 3823 1181 3879 any·

68 3893 152 3966 thing
167 3895 200 3949 of
212 3894 396 3965 compulsion,
409 3891 460 3947 the
474 3892 626 3946 difference
637 3890 764 3946 between
780 3891 829 3946 the
840 3907 957 3962 persons
971 3897 1000 3945 to
1009 3889 1100 3944 whom
1113 3891 1136 3946 it
1147 3892 1182 3957 ie,

69 3979 128 4033 and
142 3985 173 4034 to
189 3979 281 4034 whom
296 3981 319 4033 it
334 3981 357 4034 is
372 3987 424 4034 not
438 3977 542 4042 lawsul,
564 3978 587 4031 ie
609 3984 659 4031 not
675 3978 757 4032 mado
776 3978 815 4050 by
829 3985 940 4041 nature,
955 3975 1024 4043 (nor
1036 3977 1120 4032 could
1135 3976 1182 4043 be,

70 4072 172 4136 except
186 4065 249 4120 that
261 4073 361 4120 nature
374 4065 537 4120 commends
552 4072 582 4118 to
597 4074 711 4136 parents
727 4064 776 4118 the
790 4066 870 4119 othce
885 4064 918 4120 os
932 4064 1090 4134 correcting
1105 4063 1182 4122 their

71 4150 223 4217 children,)
237 4151 290 4206 but
304 4152 342 4223 by
360 4151 410 4205 the
425 4152 500 4215 lawe,
521 4150 620 4214 which,
639 4151 686 4203 for
700 4151 750 4205 the
766 4150 834 4206 sake
855 4151 889 4205 of
900 4149 1031 4220 avoiding
1045 4151 1184 4221 quaerela,

71 4238 144 4291 hare
162 4236 309 4292 restricted
325 4237 389 4292 that
408 4238 523 4308 general
537 4239 659 4293 relation
674 4234 718 4304 [ol
733 4246 889 4292 correctore
905 4237 961 4291 and
981 4235 1140 4306 corrected]
1151 4251 1182 4294 to

70 4324 121 4379 the
133 4330 245 4379 nearest
257 4323 356 4396 family
369 4325 510 4390 relatives,
523 4342 554 4381 as
569 4342 611 4380 we
625 4341 691 4397 may
705 4341 752 4380 see
766 4326 797 4379 in
810 4325 858 4380 the
872 4325 967 4380 Codex
981 4324 1015 4378 of
1028 4325 1182 4392 lastiniam,
1276 4395 1280 4406 ι

72 4411 147 4467 Title
159 4411 202 4467 De
213 4412 393 4474 emendatione
400 4416 630 4487 propinquorum.
660 4413 700 4469 So
715 4412 775 4469 also
786 4413 816 4468 in
823 4410 994 4485 Xenophon,
1007 4411 1181 4474 Lactantius,
