<?xml version="1.0" encoding="UTF-8"?>
<!DOCTYPE html PUBLIC "-//W3C//DTD XHTML 1.0 Transitional//EN"
    "http://www.w3.org/TR/xhtml1/DTD/xhtml1-transitional.dtd">
<html xmlns="http://www.w3.org/1999/xhtml" xml:lang="en" lang="en">
 <head>
  <title>
</title>
<meta http-equiv="Content-Type" content="text/html;charset=utf-8" />
  <meta name='ocr-system' content='tesseract 3.04.00' />
  <meta name='ocr-capabilities' content='ocr_page ocr_carea ocr_par ocr_line ocrx_word'/>
</head>
<body>
  <div class='ocr_page' id='page_1' title='image "./hugonisgrotiide01barbgoog_0173.png"; bbox 0 0 2828 4920; ppageno 0'>
   <div class='ocr_carea' id='block_1_1' title="bbox 83 240 1204 313">
    <p class='ocr_par' dir='ltr' id='par_1_1' title="bbox 83 240 1204 313">
     <span class='ocr_line' id='line_1_1' title="bbox 83 240 1204 313; baseline 0.01 -14"><span class='ocrx_word' id='word_1_1' title='bbox 83 241 158 300; x_wconf 69' lang='lat' dir='ltr'><strong>(iar.</strong></span> <span class='ocrx_word' id='word_1_2' title='bbox 171 240 269 313; x_wconf 69' lang='grc' dir='ltr'><strong>ΧΠ]</strong></span> <span class='ocrx_word' id='word_1_3' title='bbox 415 245 469 302; x_wconf 81' lang='lat' dir='ltr'><strong>DE</strong></span> <span class='ocrx_word' id='word_1_4' title='bbox 491 245 873 308; x_wconf 70' lang='lat' dir='ltr'>IXTERPRETATIOXE.</span> <span class='ocrx_word' id='word_1_5' title='bbox 1140 244 1204 311; x_wconf 81' lang='grc'><strong>163</strong></span> 
     </span>
    </p>
   </div>
   <div class='ocr_carea' id='block_1_2' title="bbox 79 410 1363 2114">
    <p class='ocr_par' dir='ltr' id='par_1_2' title="bbox 79 410 1363 1712">
     <span class='ocr_line' id='line_1_2' title="bbox 164 410 1363 536; baseline 0.005 -57"><span class='ocrx_word' id='word_1_6' title='bbox 164 412 207 479; x_wconf 67' lang='lat' dir='ltr'>K</span> <span class='ocrx_word' id='word_1_7' title='bbox 255 410 356 478; x_wconf 87' lang='lat' dir='ltr'><strong>Simul</strong></span> <span class='ocrx_word' id='word_1_8' title='bbox 380 413 552 480; x_wconf 87' lang='lat' dir='ltr'><strong>notandum</strong></span> <span class='ocrx_word' id='word_1_9' title='bbox 576 423 635 493; x_wconf 89' lang='lat' dir='ltr'><strong>est,</strong></span> <span class='ocrx_word' id='word_1_10' title='bbox 660 437 864 505; x_wconf 77' lang='lat' dir='ltr'><strong>eorumquae</strong></span> <span class='ocrx_word' id='word_1_11' title='bbox 889 415 1115 506; x_wconf 88' lang='lat' dir='ltr'><strong>promittuntur</strong></span> <span class='ocrx_word' id='word_1_12' title='bbox 1139 417 1363 536; x_wconf 54' lang='lat' dir='ltr'><strong>elisaphan«,</strong></span> 
     </span>
     <span class='ocr_line' id='line_1_3' title="bbox 86 512 1245 593; baseline 0.009 -15"><span class='ocrx_word' id='word_1_13' title='bbox 86 534 156 578; x_wconf 87' lang='lat' dir='ltr'><strong>esse</strong></span> <span class='ocrx_word' id='word_1_14' title='bbox 173 512 385 591; x_wconf 69' lang='lat' dir='ltr'><strong>&#39;favorabilia</strong></span> <span class='ocrx_word' id='word_1_15' title='bbox 402 515 466 580; x_wconf 87' lang='lat' dir='ltr'><strong>alia</strong></span> <span class='ocrx_word' id='word_1_16' title='bbox 482 515 598 592; x_wconf 86' lang='lat' dir='ltr'><strong>odiosa,</strong></span> <span class='ocrx_word' id='word_1_17' title='bbox 616 517 678 583; x_wconf 90' lang='lat' dir='ltr'><strong>alia</strong></span> <span class='ocrx_word' id='word_1_18' title='bbox 693 518 802 593; x_wconf 77' lang='lat' dir='ltr'><strong>mixta,</strong></span> <span class='ocrx_word' id='word_1_19' title='bbox 825 527 881 585; x_wconf 91' lang='lat' dir='ltr'><strong>aut</strong></span> <span class='ocrx_word' id='word_1_20' title='bbox 898 519 1009 585; x_wconf 85' lang='lat' dir='ltr'><strong>media.</strong></span> <span class='ocrx_word' id='word_1_21' title='bbox 1062 520 1202 588; x_wconf 81' lang='lat' dir='ltr'><strong>Farera·</strong></span> <span class='ocrx_word' id='word_1_22' title='bbox 1237 517 1245 530; x_wconf 80' lang='grc'><strong><em>’</em></strong></span> 
     </span>
     <span class='ocr_line' id='line_1_4' title="bbox 85 613 1202 706; baseline 0.01 -29"><span class='ocrx_word' id='word_1_23' title='bbox 85 613 163 678; x_wconf 88' lang='lat' dir='ltr'><strong>bilia</strong></span> <span class='ocrx_word' id='word_1_24' title='bbox 186 622 260 680; x_wconf 91' lang='lat' dir='ltr'><strong>sunt</strong></span> <span class='ocrx_word' id='word_1_25' title='bbox 274 636 346 700; x_wconf 76' lang='lat' dir='ltr'><strong>qum</strong></span> <span class='ocrx_word' id='word_1_26' title='bbox 371 617 582 702; x_wconf 73' lang='lat' dir='ltr'><strong>aequalitatem</strong></span> <span class='ocrx_word' id='word_1_27' title='bbox 607 617 640 682; x_wconf 90' lang='lat' dir='ltr'><strong>in</strong></span> <span class='ocrx_word' id='word_1_28' title='bbox 657 640 692 684; x_wconf 88' lang='lat' dir='ltr'><strong>se</strong></span> <span class='ocrx_word' id='word_1_29' title='bbox 708 619 836 697; x_wconf 88' lang='lat' dir='ltr'><strong>habent,</strong></span> <span class='ocrx_word' id='word_1_30' title='bbox 861 629 895 686; x_wconf 89' lang='lat' dir='ltr'><strong>ct</strong></span> <span class='ocrx_word' id='word_1_31' title='bbox 912 641 983 706; x_wconf 74' lang='lat' dir='ltr'><strong>quae</strong></span> <span class='ocrx_word' id='word_1_32' title='bbox 1008 643 1202 688; x_wconf 90' lang='lat' dir='ltr'><strong>communem</strong></span> 
     </span>
     <span class='ocr_line' id='line_1_5' title="bbox 85 714 1201 810; baseline 0.01 -32"><span class='ocrx_word' id='word_1_33' title='bbox 85 721 230 801; x_wconf 84' lang='lat' dir='ltr'><strong>spectant</strong></span> <span class='ocrx_word' id='word_1_34' title='bbox 246 714 424 792; x_wconf 81' lang='lat' dir='ltr'><strong>utilitatem,</strong></span> <span class='ocrx_word' id='word_1_35' title='bbox 446 738 519 803; x_wconf 84' lang='lat' dir='ltr'><strong>quae</strong></span> <span class='ocrx_word' id='word_1_36' title='bbox 537 739 599 804; x_wconf 92' lang='lat' dir='ltr'><strong>que</strong></span> <span class='ocrx_word' id='word_1_37' title='bbox 617 718 718 805; x_wconf 87' lang='lat' dir='ltr'><strong>major</strong></span> <span class='ocrx_word' id='word_1_38' title='bbox 738 729 788 786; x_wconf 92' lang='lat' dir='ltr'><strong>est</strong></span> <span class='ocrx_word' id='word_1_39' title='bbox 808 728 904 807; x_wconf 85' lang='lat' dir='ltr'><strong>atque</strong></span> <span class='ocrx_word' id='word_1_40' title='bbox 925 721 1019 788; x_wconf 84' lang='lat' dir='ltr'><strong>latius</strong></span> <span class='ocrx_word' id='word_1_41' title='bbox 1039 730 1137 810; x_wconf 90' lang='lat' dir='ltr'><strong>patet,</strong></span> <span class='ocrx_word' id='word_1_42' title='bbox 1162 745 1201 790; x_wconf 91' lang='lat' dir='ltr'><strong>eo</strong></span> 
     </span>
     <span class='ocr_line' id='line_1_6' title="bbox 85 812 1202 909; baseline 0.012 -32"><span class='ocrx_word' id='word_1_43' title='bbox 85 812 188 900; x_wconf 87' lang='lat' dir='ltr'><strong>major</strong></span> <span class='ocrx_word' id='word_1_44' title='bbox 202 821 252 880; x_wconf 86' lang='lat' dir='ltr'><strong>est</strong></span> <span class='ocrx_word' id='word_1_45' title='bbox 268 816 410 902; x_wconf 84' lang='lat' dir='ltr'><strong>promissi</strong></span> <span class='ocrx_word' id='word_1_46' title='bbox 425 817 525 894; x_wconf 83' lang='lat' dir='ltr'><strong>farer,</strong></span> <span class='ocrx_word' id='word_1_47' title='bbox 550 828 587 885; x_wconf 94' lang='grc' dir='ltr'><strong>ιιι</strong></span> <span class='ocrx_word' id='word_1_48' title='bbox 603 841 710 886; x_wconf 90' lang='lat' dir='ltr'><strong>eorum</strong></span> <span class='ocrx_word' id='word_1_49' title='bbox 728 842 800 907; x_wconf 73' lang='lat' dir='ltr'><strong>quae</strong></span> <span class='ocrx_word' id='word_1_50' title='bbox 816 821 858 887; x_wconf 89' lang='lat' dir='ltr'><strong>ad</strong></span> <span class='ocrx_word' id='word_1_51' title='bbox 874 842 983 909; x_wconf 89' lang='lat' dir='ltr'><strong>paecm</strong></span> <span class='ocrx_word' id='word_1_52' title='bbox 999 822 1118 889; x_wconf 83' lang='lat' dir='ltr'><strong>faciunt</strong></span> <span class='ocrx_word' id='word_1_53' title='bbox 1135 843 1202 890; x_wconf 87' lang='lat' dir='ltr'><strong>ma·</strong></span> 
     </span>
     <span class='ocr_line' id='line_1_7' title="bbox 79 912 1200 1010; baseline 0.01 -32"><span class='ocrx_word' id='word_1_54' title='bbox 79 912 136 1000; x_wconf 88' lang='lat' dir='ltr'><strong>jer</strong></span> <span class='ocrx_word' id='word_1_55' title='bbox 150 935 247 1001; x_wconf 86' lang='lat' dir='ltr'><strong>qnam</strong></span> <span class='ocrx_word' id='word_1_56' title='bbox 263 915 305 981; x_wconf 87' lang='lat' dir='ltr'><strong>ad</strong></span> <span class='ocrx_word' id='word_1_57' title='bbox 320 917 445 996; x_wconf 82' lang='lat' dir='ltr'><strong>hedum,</strong></span> <span class='ocrx_word' id='word_1_58' title='bbox 464 928 497 984; x_wconf 93' lang='lat' dir='ltr'><strong>et</strong></span> <span class='ocrx_word' id='word_1_59' title='bbox 514 919 588 986; x_wconf 88' lang='lat' dir='ltr'><strong>belli</strong></span> <span class='ocrx_word' id='word_1_60' title='bbox 603 921 643 986; x_wconf 92' lang='lat' dir='ltr'><strong>eb</strong></span> <span class='ocrx_word' id='word_1_61' title='bbox 658 921 821 988; x_wconf 84' lang='lat' dir='ltr'><strong>tuitionem</strong></span> <span class='ocrx_word' id='word_1_62' title='bbox 838 922 973 1010; x_wconf 88' lang='lat' dir='ltr'><strong>suscepti</strong></span> <span class='ocrx_word' id='word_1_63' title='bbox 990 921 1090 1009; x_wconf 86' lang='lat' dir='ltr'><strong>major</strong></span> <span class='ocrx_word' id='word_1_64' title='bbox 1104 943 1200 1008; x_wconf 87' lang='lat' dir='ltr'><strong>quam</strong></span> 
     </span>
     <span class='ocr_line' id='line_1_8' title="bbox 84 1013 1200 1109; baseline 0.01 -29"><span class='ocrx_word' id='word_1_65' title='bbox 84 1013 157 1080; x_wconf 84' lang='lat' dir='ltr'><strong>aliis</strong></span> <span class='ocrx_word' id='word_1_66' title='bbox 172 1014 214 1081; x_wconf 91' lang='lat' dir='ltr'><strong>de</strong></span> <span class='ocrx_word' id='word_1_67' title='bbox 229 1016 340 1082; x_wconf 73' lang='lat' dir='ltr'><strong>musis.</strong></span> <span class='ocrx_word' id='word_1_68' title='bbox 395 1019 513 1086; x_wconf 81' lang='lat' dir='ltr'><strong>Odiosa</strong></span> <span class='ocrx_word' id='word_1_69' title='bbox 527 1030 601 1088; x_wconf 89' lang='lat' dir='ltr'><strong>sunt</strong></span> <span class='ocrx_word' id='word_1_70' title='bbox 617 1042 689 1108; x_wconf 72' lang='lat' dir='ltr'><strong>quae</strong></span> <span class='ocrx_word' id='word_1_71' title='bbox 702 1031 826 1109; x_wconf 85' lang='lat' dir='ltr'><strong>partem</strong></span> <span class='ocrx_word' id='word_1_72' title='bbox 847 1023 979 1089; x_wconf 90' lang='lat' dir='ltr'><strong>alteram</strong></span> <span class='ocrx_word' id='word_1_73' title='bbox 996 1033 1128 1100; x_wconf 87' lang='lat' dir='ltr'><strong>tautum,</strong></span> <span class='ocrx_word' id='word_1_74' title='bbox 1143 1031 1200 1091; x_wconf 85' lang='lat' dir='ltr'><strong>aut</strong></span> 
     </span>
     <span class='ocr_line' id='line_1_9' title="bbox 83 1114 1200 1212; baseline 0.009 -32"><span class='ocrx_word' id='word_1_75' title='bbox 83 1114 158 1202; x_wconf 90' lang='lat' dir='ltr'><strong>plus</strong></span> <span class='ocrx_word' id='word_1_76' title='bbox 174 1114 277 1183; x_wconf 86' lang='lat' dir='ltr'><strong>altera</strong></span> <span class='ocrx_word' id='word_1_77' title='bbox 301 1130 443 1198; x_wconf 88' lang='lat' dir='ltr'><strong>onerant,</strong></span> <span class='ocrx_word' id='word_1_78' title='bbox 465 1129 498 1187; x_wconf 89' lang='lat' dir='ltr'><strong>et</strong></span> <span class='ocrx_word' id='word_1_79' title='bbox 520 1143 591 1208; x_wconf 82' lang='lat' dir='ltr'><strong>quoe</strong></span> <span class='ocrx_word' id='word_1_80' title='bbox 616 1143 740 1209; x_wconf 84' lang='lat' dir='ltr'><strong>poenam</strong></span> <span class='ocrx_word' id='word_1_81' title='bbox 764 1122 798 1189; x_wconf 90' lang='lat' dir='ltr'><strong>in</strong></span> <span class='ocrx_word' id='word_1_82' title='bbox 822 1145 857 1190; x_wconf 89' lang='lat' dir='ltr'><strong>se</strong></span> <span class='ocrx_word' id='word_1_83' title='bbox 879 1123 1048 1202; x_wconf 90' lang='lat' dir='ltr'><strong>continent,</strong></span> <span class='ocrx_word' id='word_1_84' title='bbox 1071 1131 1105 1190; x_wconf 89' lang='lat' dir='ltr'><strong>et</strong></span> <span class='ocrx_word' id='word_1_85' title='bbox 1127 1144 1200 1212; x_wconf 80' lang='lat' dir='ltr'><strong>quae</strong></span> 
     </span>
     <span class='ocr_line' id='line_1_10' title="bbox 83 1217 1197 1311; baseline 0.009 -30"><span class='ocrx_word' id='word_1_86' title='bbox 83 1224 175 1282; x_wconf 85' lang='lat' dir='ltr'><strong>aetus</strong></span> <span class='ocrx_word' id='word_1_87' title='bbox 203 1217 322 1285; x_wconf 81' lang='lat' dir='ltr'><strong>iaciunt</strong></span> <span class='ocrx_word' id='word_1_88' title='bbox 346 1219 463 1299; x_wconf 88' lang='lat' dir='ltr'><strong>irrites,</strong></span> <span class='ocrx_word' id='word_1_89' title='bbox 488 1230 521 1288; x_wconf 88' lang='lat' dir='ltr'><strong>et</strong></span> <span class='ocrx_word' id='word_1_90' title='bbox 546 1244 618 1309; x_wconf 80' lang='lat' dir='ltr'><strong>qua</strong></span> <span class='ocrx_word' id='word_1_91' title='bbox 640 1222 681 1289; x_wconf 92' lang='lat' dir='ltr'><strong>de</strong></span> <span class='ocrx_word' id='word_1_92' title='bbox 703 1223 859 1310; x_wconf 83' lang='lat' dir='ltr'><strong>prioribus</strong></span> <span class='ocrx_word' id='word_1_93' title='bbox 883 1222 1001 1311; x_wconf 80' lang='lat' dir='ltr'><strong>aliquid</strong></span> <span class='ocrx_word' id='word_1_94' title='bbox 1023 1223 1197 1292; x_wconf 84' lang='lat' dir='ltr'><strong>immutant.</strong></span> 
     </span>
     <span class='ocr_line' id='line_1_11' title="bbox 86 1315 1199 1412; baseline 0.009 -30"><span class='ocrx_word' id='word_1_95' title='bbox 86 1315 231 1394; x_wconf 82' lang='lat' dir='ltr'><strong>Quodsi</strong></span> <span class='ocrx_word' id='word_1_96' title='bbox 256 1318 388 1385; x_wconf 80' lang='lat' dir='ltr'><strong>mixtum</strong></span> <span class='ocrx_word' id='word_1_97' title='bbox 416 1322 458 1388; x_wconf 89' lang='lat' dir='ltr'><strong>sit</strong></span> <span class='ocrx_word' id='word_1_98' title='bbox 487 1323 614 1410; x_wconf 85' lang='lat' dir='ltr'><strong>aliquid,</strong></span> <span class='ocrx_word' id='word_1_99' title='bbox 641 1332 679 1389; x_wconf 89' lang='lat' dir='ltr'><strong>ut</strong></span> <span class='ocrx_word' id='word_1_100' title='bbox 703 1333 828 1390; x_wconf 87' lang='lat' dir='ltr'><strong>mutans</strong></span> <span class='ocrx_word' id='word_1_101' title='bbox 850 1323 976 1411; x_wconf 91' lang='lat' dir='ltr'><strong>quidem</strong></span> <span class='ocrx_word' id='word_1_102' title='bbox 1000 1324 1118 1412; x_wconf 84' lang='lat' dir='ltr'><strong>priora,</strong></span> <span class='ocrx_word' id='word_1_103' title='bbox 1141 1324 1199 1392; x_wconf 77' lang='lat' dir='ltr'><strong>sed</strong></span> 
     </span>
     <span class='ocr_line' id='line_1_12' title="bbox 83 1416 1198 1512; baseline 0.009 -30"><span class='ocrx_word' id='word_1_104' title='bbox 83 1416 171 1504; x_wconf 84' lang='lat' dir='ltr'><strong>pacis</strong></span> <span class='ocrx_word' id='word_1_105' title='bbox 196 1439 298 1498; x_wconf 88' lang='lat' dir='ltr'><strong>causa,</strong></span> <span class='ocrx_word' id='word_1_106' title='bbox 324 1421 357 1487; x_wconf 91' lang='lat' dir='ltr'><strong>id</strong></span> <span class='ocrx_word' id='word_1_107' title='bbox 383 1445 442 1511; x_wconf 92' lang='lat' dir='ltr'><strong>pro</strong></span> <span class='ocrx_word' id='word_1_108' title='bbox 467 1423 682 1512; x_wconf 87' lang='lat' dir='ltr'><strong>magnitudine</strong></span> <span class='ocrx_word' id='word_1_109' title='bbox 711 1423 785 1491; x_wconf 92' lang='lat' dir='ltr'><strong>beni</strong></span> <span class='ocrx_word' id='word_1_110' title='bbox 816 1434 873 1491; x_wconf 90' lang='lat' dir='ltr'><strong>aut</strong></span> <span class='ocrx_word' id='word_1_111' title='bbox 897 1424 1076 1491; x_wconf 79' lang='lat' dir='ltr'><strong>mutationis</strong></span> <span class='ocrx_word' id='word_1_112' title='bbox 1105 1424 1198 1492; x_wconf 89' lang='lat' dir='ltr'><strong>mede</strong></span> 
     </span>
     <span class='ocr_line' id='line_1_13' title="bbox 83 1517 1198 1605; baseline 0.011 -24"><span class='ocrx_word' id='word_1_113' title='bbox 83 1517 266 1598; x_wconf 78' lang='lat' dir='ltr'><strong>favorabile,</strong></span> <span class='ocrx_word' id='word_1_114' title='bbox 291 1522 385 1589; x_wconf 90' lang='lat' dir='ltr'><strong>medo</strong></span> <span class='ocrx_word' id='word_1_115' title='bbox 415 1522 555 1589; x_wconf 89' lang='lat' dir='ltr'><strong>odiosum</strong></span> <span class='ocrx_word' id='word_1_116' title='bbox 582 1522 768 1605; x_wconf 80' lang='lat' dir='ltr'><strong>censebitur,</strong></span> <span class='ocrx_word' id='word_1_117' title='bbox 798 1525 844 1592; x_wconf 85' lang='lat' dir='ltr'><strong>ita</strong></span> <span class='ocrx_word' id='word_1_118' title='bbox 873 1533 980 1591; x_wconf 79' lang='lat' dir='ltr'><strong>tamen</strong></span> <span class='ocrx_word' id='word_1_119' title='bbox 1006 1532 1050 1603; x_wconf 92' lang='lat' dir='ltr'><strong>ut,</strong></span> <span class='ocrx_word' id='word_1_120' title='bbox 1084 1526 1198 1592; x_wconf 84' lang='lat' dir='ltr'><strong>ceteris</strong></span> 
     </span>
     <span class='ocr_line' id='line_1_14' title="bbox 83 1617 639 1712; baseline 0.016 -30"><span class='ocrx_word' id='word_1_121' title='bbox 83 1617 223 1705; x_wconf 88' lang='lat' dir='ltr'><strong>paribus,</strong></span> <span class='ocrx_word' id='word_1_122' title='bbox 241 1621 333 1687; x_wconf 78' lang='lat' dir='ltr'><strong>farer</strong></span> <span class='ocrx_word' id='word_1_123' title='bbox 349 1635 514 1690; x_wconf 90' lang='lat' dir='ltr'><strong>censeatur</strong></span> <span class='ocrx_word' id='word_1_124' title='bbox 527 1623 639 1712; x_wconf 92' lang='lat' dir='ltr'><strong>petier.</strong></span> 
     </span>
    </p>

    <p class='ocr_par' dir='ltr' id='par_1_3' title="bbox 79 1719 1350 2114">
     <span class='ocr_line' id='line_1_15' title="bbox 161 1719 1350 1814; baseline 0.006 -29"><span class='ocrx_word' id='word_1_125' title='bbox 161 1719 223 1786; x_wconf 88' lang='lat' dir='ltr'><strong>XI.</strong></span> <span class='ocrx_word' id='word_1_126' title='bbox 275 1721 451 1789; x_wconf 89' lang='lat' dir='ltr'><strong>Discrimen</strong></span> <span class='ocrx_word' id='word_1_127' title='bbox 471 1734 596 1792; x_wconf 84' lang='lat' dir='ltr'><strong>actuum</strong></span> <span class='ocrx_word' id='word_1_128' title='bbox 621 1726 712 1792; x_wconf 81' lang='lat' dir='ltr'><strong>boum</strong></span> <span class='ocrx_word' id='word_1_129' title='bbox 729 1724 802 1791; x_wconf 85' lang='lat' dir='ltr'><strong>fidei</strong></span> <span class='ocrx_word' id='word_1_130' title='bbox 824 1732 858 1791; x_wconf 87' lang='lat' dir='ltr'><strong>et</strong></span> <span class='ocrx_word' id='word_1_131' title='bbox 879 1723 979 1790; x_wconf 86' lang='lat' dir='ltr'><strong>stricti</strong></span> <span class='ocrx_word' id='word_1_132' title='bbox 992 1721 1085 1814; x_wconf 83' lang='lat' dir='ltr'><strong>juris,</strong></span> <span class='ocrx_word' id='word_1_133' title='bbox 1104 1726 1195 1814; x_wconf 71' lang='grc' dir='ltr'><strong>1οιιι-</strong></span> <span class='ocrx_word' id='word_1_134' title='bbox 1209 1748 1350 1792; x_wconf 57' lang='lat' dir='ltr'><strong>ormam</strong></span> 
     </span>
     <span class='ocr_line' id='line_1_16' title="bbox 82 1796 1338 1913; baseline 0.007 -28"><span class='ocrx_word' id='word_1_135' title='bbox 82 1825 177 1886; x_wconf 78' lang='lat' dir='ltr'><strong>tentas</strong></span> <span class='ocrx_word' id='word_1_136' title='bbox 193 1843 235 1888; x_wconf 85' lang='lat' dir='ltr'><strong>ex</strong></span> <span class='ocrx_word' id='word_1_137' title='bbox 246 1821 320 1909; x_wconf 91' lang='lat' dir='ltr'><strong>jure</strong></span> <span class='ocrx_word' id='word_1_138' title='bbox 337 1834 385 1889; x_wconf 85' lang='lat' dir='ltr'><strong>est</strong></span> <span class='ocrx_word' id='word_1_139' title='bbox 401 1825 554 1902; x_wconf 86' lang='lat' dir='ltr'><strong>Romano,</strong></span> <span class='ocrx_word' id='word_1_140' title='bbox 577 1825 618 1892; x_wconf 88' lang='lat' dir='ltr'><strong>ad</strong></span> <span class='ocrx_word' id='word_1_141' title='bbox 631 1825 684 1912; x_wconf 91' lang='lat' dir='ltr'><strong>jus</strong></span> <span class='ocrx_word' id='word_1_142' title='bbox 702 1826 841 1913; x_wconf 87' lang='lat' dir='ltr'><strong>gentium</strong></span> <span class='ocrx_word' id='word_1_143' title='bbox 858 1845 921 1890; x_wconf 91' lang='grc' dir='ltr'>ιιοιι</span> <span class='ocrx_word' id='word_1_144' title='bbox 936 1824 1082 1913; x_wconf 81' lang='lat' dir='ltr'><strong>pertinet</strong></span> <span class='ocrx_word' id='word_1_145' title='bbox 1135 1828 1195 1894; x_wconf 88' lang='lat' dir='ltr'><strong>Po-</strong></span> <span class='ocrx_word' id='word_1_146' title='bbox 1205 1805 1261 1893; x_wconf 49' lang='lat'><strong>{3</strong></span> <span class='ocrx_word' id='word_1_147' title='bbox 1274 1796 1301 1837; x_wconf 45' lang='grc' dir='ltr'><strong><em>Β</em></strong></span> <span class='ocrx_word' id='word_1_148' title='bbox 1311 1798 1338 1838; x_wconf 39' lang='grc' dir='ltr'><strong><em>ἡ</em></strong></span> 
     </span>
     <span class='ocr_line' id='line_1_17' title="bbox 82 1923 1196 2013; baseline 0.007 -26"><span class='ocrx_word' id='word_1_149' title='bbox 82 1929 149 1987; x_wconf 84' lang='lat' dir='ltr'><strong>test</strong></span> <span class='ocrx_word' id='word_1_150' title='bbox 164 1930 270 1988; x_wconf 90' lang='lat' dir='ltr'><strong>tamen</strong></span> <span class='ocrx_word' id='word_1_151' title='bbox 286 1923 391 2010; x_wconf 88' lang='lat' dir='ltr'><strong>aliquo</strong></span> <span class='ocrx_word' id='word_1_152' title='bbox 414 1947 507 1992; x_wconf 89' lang='lat' dir='ltr'><strong>sensu</strong></span> <span class='ocrx_word' id='word_1_153' title='bbox 523 1927 585 1993; x_wconf 90' lang='lat' dir='ltr'><strong>huo</strong></span> <span class='ocrx_word' id='word_1_154' title='bbox 606 1927 718 2013; x_wconf 87' lang='lat' dir='ltr'><strong>aptari,</strong></span> <span class='ocrx_word' id='word_1_155' title='bbox 743 1935 779 1992; x_wconf 92' lang='grc' dir='ltr'><strong>ιιι</strong></span> <span class='ocrx_word' id='word_1_156' title='bbox 790 1924 908 2003; x_wconf 87' lang='lat' dir='ltr'><strong>scilieet</strong></span> <span class='ocrx_word' id='word_1_157' title='bbox 923 1925 950 1991; x_wconf 87' lang='lat' dir='ltr'><strong>si</strong></span> <span class='ocrx_word' id='word_1_158' title='bbox 965 1925 1078 2013; x_wconf 90' lang='lat' dir='ltr'><strong>quibus</strong></span> <span class='ocrx_word' id='word_1_159' title='bbox 1095 1926 1129 1994; x_wconf 91' lang='lat' dir='ltr'><strong>in</strong></span> <span class='ocrx_word' id='word_1_160' title='bbox 1144 1949 1196 1996; x_wconf 85' lang='lat' dir='ltr'><strong>re-</strong></span> 
     </span>
     <span class='ocr_line' id='line_1_18' title="bbox 79 2019 1197 2114; baseline 0.009 -27"><span class='ocrx_word' id='word_1_161' title='bbox 79 2019 229 2112; x_wconf 87' lang='lat' dir='ltr'><strong>gienibus</strong></span> <span class='ocrx_word' id='word_1_162' title='bbox 244 2034 334 2091; x_wconf 87' lang='lat' dir='ltr'><strong>actus</strong></span> <span class='ocrx_word' id='word_1_163' title='bbox 350 2024 446 2113; x_wconf 85' lang='lat' dir='ltr'><strong>aliqui</strong></span> <span class='ocrx_word' id='word_1_164' title='bbox 461 2026 594 2092; x_wconf 86' lang='lat' dir='ltr'><strong>formam</strong></span> <span class='ocrx_word' id='word_1_165' title='bbox 611 2026 766 2114; x_wconf 87' lang='lat' dir='ltr'><strong>quandam</strong></span> <span class='ocrx_word' id='word_1_166' title='bbox 782 2026 921 2094; x_wconf 84' lang='lat' dir='ltr'><strong>habeant</strong></span> <span class='ocrx_word' id='word_1_167' title='bbox 937 2047 1141 2109; x_wconf 89' lang='lat' dir='ltr'><strong>communem,</strong></span> <span class='ocrx_word' id='word_1_168' title='bbox 1157 2049 1197 2097; x_wconf 82' lang='lat' dir='ltr'><strong>ea</strong></span> 
     </span>
    </p>
   </div>
   <div class='ocr_carea' id='block_1_3' title="bbox 72 2200 1195 2794">
    <p class='ocr_par' dir='ltr' id='par_1_4' title="bbox 72 2200 1195 2794">
     <span class='ocr_line' id='line_1_19' title="bbox 78 2200 1195 2266; baseline 0.007 -20"><span class='ocrx_word' id='word_1_169' title='bbox 78 2200 212 2249; x_wconf 80' lang='grc' dir='ltr'>ιιιιιιιιοιιο</span> <span class='ocrx_word' id='word_1_170' title='bbox 221 2203 332 2263; x_wconf 80' lang='lat' dir='ltr'><strong>requitur</strong></span> <span class='ocrx_word' id='word_1_171' title='bbox 341 2216 371 2250; x_wconf 81' lang='lat' dir='ltr'><strong>cx</strong></span> <span class='ocrx_word' id='word_1_172' title='bbox 382 2206 471 2252; x_wconf 83' lang='lat' dir='ltr'><strong>natura</strong></span> <span class='ocrx_word' id='word_1_173' title='bbox 482 2204 558 2266; x_wconf 82' lang='lat' dir='ltr'><strong>ipsius</strong></span> <span class='ocrx_word' id='word_1_174' title='bbox 569 2203 612 2253; x_wconf 84' lang='lat' dir='ltr'><strong>rei.</strong></span> <span class='ocrx_word' id='word_1_175' title='bbox 708 2201 719 2231; x_wconf 82' lang='lat'><strong>⁹</strong></span> <span class='ocrx_word' id='word_1_176' title='bbox 733 2201 921 2250; x_wconf 79' lang='lat' dir='ltr'><strong>Distinctienem</strong></span> <span class='ocrx_word' id='word_1_177' title='bbox 931 2202 1050 2252; x_wconf 80' lang='lat' dir='ltr'><strong>mannen</strong></span> <span class='ocrx_word' id='word_1_178' title='bbox 1059 2205 1118 2253; x_wconf 77' lang='lat' dir='ltr'><strong>satir</strong></span> <span class='ocrx_word' id='word_1_179' title='bbox 1127 2209 1195 2255; x_wconf 79' lang='lat' dir='ltr'><strong>certo</strong></span> 
     </span>
     <span class='ocr_line' id='line_1_20' title="bbox 78 2275 1194 2340; baseline 0.004 -17"><span class='ocrx_word' id='word_1_180' title='bbox 78 2275 112 2324; x_wconf 75' lang='lat' dir='ltr'><strong>J,</strong></span> <span class='ocrx_word' id='word_1_181' title='bbox 122 2276 156 2323; x_wconf 82' lang='grc' dir='ltr'><strong>Β.</strong></span> <span class='ocrx_word' id='word_1_182' title='bbox 661 2279 820 2326; x_wconf 73' lang='lat' dir='ltr'><strong>fundamento</strong></span> <span class='ocrx_word' id='word_1_183' title='bbox 831 2278 883 2336; x_wconf 87' lang='lat' dir='ltr'><strong>niti,</strong></span> <span class='ocrx_word' id='word_1_184' title='bbox 899 2283 925 2325; x_wconf 81' lang='lat' dir='ltr'><strong>ct</strong></span> <span class='ocrx_word' id='word_1_185' title='bbox 934 2292 1020 2340; x_wconf 82' lang='lat' dir='ltr'><strong>parum</strong></span> <span class='ocrx_word' id='word_1_186' title='bbox 1031 2281 1117 2328; x_wconf 82' lang='lat' dir='ltr'><strong>utitem</strong></span> <span class='ocrx_word' id='word_1_187' title='bbox 1133 2295 1194 2340; x_wconf 79' lang='lat' dir='ltr'><strong>esre,</strong></span> 
     </span>
     <span class='ocr_line' id='line_1_21' title="bbox 127 2351 1194 2418; baseline 0.004 -18"><span class='ocrx_word' id='word_1_188' title='bbox 127 2351 134 2386; x_wconf 85' lang='lat'><strong>¹</strong></span> <span class='ocrx_word' id='word_1_189' title='bbox 146 2352 220 2401; x_wconf 78' lang='lat' dir='ltr'><strong>Mero</strong></span> <span class='ocrx_word' id='word_1_190' title='bbox 232 2355 258 2400; x_wconf 89' lang='lat' dir='ltr'><strong>irr</strong></span> <span class='ocrx_word' id='word_1_191' title='bbox 267 2354 327 2413; x_wconf 73' lang='lat' dir='ltr'><strong>jare</strong></span> <span class='ocrx_word' id='word_1_192' title='bbox 341 2356 409 2404; x_wconf 82' lang='lat' dir='ltr'><strong>cicili</strong></span> <span class='ocrx_word' id='word_1_193' title='bbox 422 2356 457 2403; x_wconf 82' lang='lat' dir='ltr'><strong>ad</strong></span> <span class='ocrx_word' id='word_1_194' title='bbox 466 2357 612 2418; x_wconf 82' lang='lat' dir='ltr'><strong>deportatio·</strong></span> <span class='ocrx_word' id='word_1_195' title='bbox 662 2355 819 2409; x_wconf 80' lang='lat' dir='ltr'><strong>ostendimus,</strong></span> <span class='ocrx_word' id='word_1_196' title='bbox 834 2359 890 2414; x_wconf 85' lang='lat' dir='ltr'><strong>pest</strong></span> <span class='ocrx_word' id='word_1_197' title='bbox 903 2354 970 2412; x_wconf 80' lang='lat' dir='ltr'><strong>alios,</strong></span> <span class='ocrx_word' id='word_1_198' title='bbox 985 2356 1011 2401; x_wconf 88' lang='grc' dir='ltr'><strong>ιιι</strong></span> <span class='ocrx_word' id='word_1_199' title='bbox 1021 2355 1093 2403; x_wconf 75' lang='lat' dir='ltr'><strong>Notis</strong></span> <span class='ocrx_word' id='word_1_200' title='bbox 1104 2357 1194 2404; x_wconf 72' lang='lat' dir='ltr'><strong>uostris</strong></span> 
     </span>
     <span class='ocr_line' id='line_1_22' title="bbox 75 2428 1194 2493; baseline 0.004 -16"><span class='ocrx_word' id='word_1_201' title='bbox 75 2444 132 2477; x_wconf 81' lang='lat' dir='ltr'><strong>nem</strong></span> <span class='ocrx_word' id='word_1_202' title='bbox 144 2430 301 2493; x_wconf 81' lang='lat' dir='ltr'><strong>producitur]</strong></span> <span class='ocrx_word' id='word_1_203' title='bbox 324 2432 387 2479; x_wconf 84' lang='lat' dir='ltr'><strong>Vide</strong></span> <span class='ocrx_word' id='word_1_204' title='bbox 408 2433 614 2490; x_wconf 85' lang='lat' dir='ltr'><strong>Guicciardinnm,</strong></span> <span class='ocrx_word' id='word_1_205' title='bbox 661 2430 692 2475; x_wconf 83' lang='lat' dir='ltr'><strong>ad</strong></span> <span class='ocrx_word' id='word_1_206' title='bbox 703 2430 872 2475; x_wconf 75' lang='lat' dir='ltr'><strong>Purssnonr.</strong></span> <span class='ocrx_word' id='word_1_207' title='bbox 886 2428 927 2477; x_wconf 85' lang='lat' dir='ltr'><strong>Dc</strong></span> <span class='ocrx_word' id='word_1_208' title='bbox 937 2428 1003 2476; x_wconf 78' lang='lat' dir='ltr'><strong>dure</strong></span> <span class='ocrx_word' id='word_1_209' title='bbox 1014 2429 1079 2478; x_wconf 81' lang='lat' dir='ltr'><strong>Nat.</strong></span> <span class='ocrx_word' id='word_1_210' title='bbox 1088 2435 1111 2478; x_wconf 82' lang='lat' dir='ltr'><strong>ct</strong></span> <span class='ocrx_word' id='word_1_211' title='bbox 1123 2430 1194 2482; x_wconf 75' lang='lat' dir='ltr'><strong>eac.</strong></span> 
     </span>
     <span class='ocr_line' id='line_1_23' title="bbox 74 2503 1193 2568; baseline 0.001 -16"><span class='ocrx_word' id='word_1_212' title='bbox 74 2506 143 2552; x_wconf 82' lang='lat' dir='ltr'><strong>libro</strong></span> <span class='ocrx_word' id='word_1_213' title='bbox 160 2518 218 2554; x_wconf 80' lang='grc' dir='ltr'>ιιι.</span> <span class='ocrx_word' id='word_1_214' title='bbox 234 2507 321 2554; x_wconf 77' lang='lat' dir='ltr'><strong>ubido</strong></span> <span class='ocrx_word' id='word_1_215' title='bbox 337 2509 414 2568; x_wconf 83' lang='lat' dir='ltr'><strong>pactis</strong></span> <span class='ocrx_word' id='word_1_216' title='bbox 433 2506 515 2556; x_wconf 89' lang='lat' dir='ltr'><strong>Caroli</strong></span> <span class='ocrx_word' id='word_1_217' title='bbox 531 2508 563 2554; x_wconf 84' lang='lat' dir='ltr'><strong>V.</strong></span> <span class='ocrx_word' id='word_1_218' title='bbox 581 2508 613 2555; x_wconf 88' lang='lat' dir='ltr'><strong>ad</strong></span> <span class='ocrx_word' id='word_1_219' title='bbox 663 2503 726 2564; x_wconf 76' lang='grc'><strong>512.</strong></span> <span class='ocrx_word' id='word_1_220' title='bbox 741 2509 767 2550; x_wconf 85' lang='lat' dir='ltr'><strong>ct</strong></span> <span class='ocrx_word' id='word_1_221' title='bbox 776 2517 843 2563; x_wconf 84' lang='lat' dir='ltr'><strong>seqq.</strong></span> <span class='ocrx_word' id='word_1_222' title='bbox 874 2503 1193 2568; x_wconf 80' lang='lat' dir='ltr'><strong>Capitishnterespenden·</strong></span> 
     </span>
     <span class='ocr_line' id='line_1_24' title="bbox 75 2579 1041 2645; baseline -0.002 -16"><span class='ocrx_word' id='word_1_223' title='bbox 75 2581 286 2630; x_wconf 78' lang='lat' dir='ltr'><strong>Mediolanensem</strong></span> <span class='ocrx_word' id='word_1_224' title='bbox 303 2584 417 2631; x_wconf 87' lang='lat' dir='ltr'><strong>ducatum</strong></span> <span class='ocrx_word' id='word_1_225' title='bbox 435 2583 613 2645; x_wconf 81' lang='lat' dir='ltr'><strong>pertinentibus</strong></span> <span class='ocrx_word' id='word_1_226' title='bbox 661 2580 703 2636; x_wconf 88' lang='grc' dir='ltr'>ιιι,</span> <span class='ocrx_word' id='word_1_227' title='bbox 718 2579 940 2630; x_wconf 82' lang='lat' dir='ltr'><strong>ctuntcaindieatt.</strong></span> <span class='ocrx_word' id='word_1_228' title='bbox 969 2580 998 2628; x_wconf 79' lang='lat' dir='ltr'><strong>J.</strong></span> <span class='ocrx_word' id='word_1_229' title='bbox 1008 2582 1041 2631; x_wconf 88' lang='lat' dir='ltr'><strong>B.</strong></span> 
     </span>
     <span class='ocr_line' id='line_1_25' title="bbox 73 2655 1193 2720; baseline 0.004 -16"><span class='ocrx_word' id='word_1_230' title='bbox 73 2671 167 2706; x_wconf 72' lang='lat' dir='ltr'><strong>nermo.</strong></span> <span class='ocrx_word' id='word_1_231' title='bbox 209 2659 285 2720; x_wconf 77' lang='lat' dir='ltr'><strong>(Peg.</strong></span> <span class='ocrx_word' id='word_1_232' title='bbox 311 2661 366 2708; x_wconf 77' lang='lat'><strong>341.</strong></span> <span class='ocrx_word' id='word_1_233' title='bbox 408 2659 459 2708; x_wconf 85' lang='lat' dir='ltr'><strong>Ed.</strong></span> <span class='ocrx_word' id='word_1_234' title='bbox 486 2657 613 2709; x_wconf 74' lang='lat' dir='ltr'><strong>Gentem.</strong></span> <span class='ocrx_word' id='word_1_235' title='bbox 688 2655 796 2702; x_wconf 73' lang='lat' dir='ltr'><strong>v&#39;Vide</strong></span> <span class='ocrx_word' id='word_1_236' title='bbox 824 2656 934 2704; x_wconf 84' lang='lat' dir='ltr'><strong>cumdem</strong></span> <span class='ocrx_word' id='word_1_237' title='bbox 970 2657 1193 2718; x_wconf 70' lang='lat' dir='ltr'><strong>rornwonrrmr,</strong></span> 
     </span>
     <span class='ocr_line' id='line_1_26' title="bbox 72 2731 1004 2794; baseline 0.002 -12"><span class='ocrx_word' id='word_1_238' title='bbox 72 2732 164 2794; x_wconf 77' lang='lat'>164⁵.)</span> <span class='ocrx_word' id='word_1_239' title='bbox 661 2732 715 2781; x_wconf 86' lang='lat' dir='ltr'><strong>Lib.</strong></span> <span class='ocrx_word' id='word_1_240' title='bbox 723 2746 747 2782; x_wconf 85' lang='lat' dir='ltr'><strong>v.</strong></span> <span class='ocrx_word' id='word_1_241' title='bbox 758 2746 811 2793; x_wconf 84' lang='lat' dir='ltr'><strong>cap.</strong></span> <span class='ocrx_word' id='word_1_242' title='bbox 821 2731 903 2794; x_wconf 67' lang='lat'><strong>258.</strong></span> <span class='ocrx_word' id='word_1_243' title='bbox 933 2733 963 2782; x_wconf 80' lang='lat' dir='ltr'><strong>J.</strong></span> <span class='ocrx_word' id='word_1_244' title='bbox 972 2734 1004 2784; x_wconf 84' lang='grc' dir='ltr'><strong>Β.</strong></span> 
     </span>
    </p>
   </div>
   <div class='ocr_carea' id='block_1_4' title="bbox 46 2985 1191 4538">
    <p class='ocr_par' dir='ltr' id='par_1_5' title="bbox 72 2985 1187 3149">
     <span class='ocr_line' id='line_1_27' title="bbox 72 2985 1187 3064; baseline 0.004 -22"><span class='ocrx_word' id='word_1_245' title='bbox 72 2987 201 3062; x_wconf 89' lang='lat' dir='ltr'><strong>popular</strong></span> <span class='ocrx_word' id='word_1_246' title='bbox 214 3004 319 3060; x_wconf 83' lang='lat' dir='ltr'><strong>usage3</strong></span> <span class='ocrx_word' id='word_1_247' title='bbox 339 3004 369 3043; x_wconf 89' lang='lat' dir='ltr'><strong>as</strong></span> <span class='ocrx_word' id='word_1_248' title='bbox 385 2986 481 3054; x_wconf 87' lang='lat' dir='ltr'><strong>death,</strong></span> <span class='ocrx_word' id='word_1_249' title='bbox 493 2988 523 3042; x_wconf 92' lang='grc' dir='ltr'><strong>ιιι</strong></span> <span class='ocrx_word' id='word_1_250' title='bbox 537 2986 610 3042; x_wconf 78' lang='lat' dir='ltr'><strong>civil</strong></span> <span class='ocrx_word' id='word_1_251' title='bbox 623 2987 701 3051; x_wconf 82' lang='lat' dir='ltr'><strong>Low,</strong></span> <span class='ocrx_word' id='word_1_252' title='bbox 711 2985 839 3042; x_wconf 83' lang='lat' dir='ltr'><strong>includes</strong></span> <span class='ocrx_word' id='word_1_253' title='bbox 855 2986 921 3042; x_wconf 88' lang='lat' dir='ltr'><strong>cirtl</strong></span> <span class='ocrx_word' id='word_1_254' title='bbox 933 2986 1028 3054; x_wconf 83' lang='lat' dir='ltr'><strong>death,</strong></span> <span class='ocrx_word' id='word_1_255' title='bbox 1042 2991 1187 3064; x_wconf 74' lang='lat' dir='ltr'><strong>transpor·</strong></span> 
     </span>
     <span class='ocr_line' id='line_1_28' title="bbox 72 3073 1135 3149; baseline -0.006 -17"><span class='ocrx_word' id='word_1_256' title='bbox 72 3077 171 3132; x_wconf 82' lang='lat' dir='ltr'><strong>ration</strong></span> <span class='ocrx_word' id='word_1_257' title='bbox 182 3075 229 3132; x_wconf 87' lang='lat' dir='ltr'><strong>for</strong></span> <span class='ocrx_word' id='word_1_258' title='bbox 242 3075 302 3141; x_wconf 86' lang='lat' dir='ltr'><strong>life,</strong></span> <span class='ocrx_word' id='word_1_259' title='bbox 314 3073 423 3147; x_wconf 90' lang='lat' dir='ltr'><strong>though</strong></span> <span class='ocrx_word' id='word_1_260' title='bbox 438 3077 461 3131; x_wconf 85' lang='lat' dir='ltr'><strong>it</strong></span> <span class='ocrx_word' id='word_1_261' title='bbox 476 3076 545 3130; x_wconf 88' lang='lat' dir='ltr'><strong>dees</strong></span> <span class='ocrx_word' id='word_1_262' title='bbox 559 3080 610 3129; x_wconf 91' lang='grc' dir='ltr'>ιιοι</span> <span class='ocrx_word' id='word_1_263' title='bbox 624 3089 708 3128; x_wconf 88' lang='lat' dir='ltr'><strong>mean</strong></span> <span class='ocrx_word' id='word_1_264' title='bbox 720 3073 776 3128; x_wconf 85' lang='lat' dir='ltr'><strong>this</strong></span> <span class='ocrx_word' id='word_1_265' title='bbox 791 3074 820 3128; x_wconf 91' lang='lat' dir='ltr'><strong>in</strong></span> <span class='ocrx_word' id='word_1_266' title='bbox 835 3074 957 3146; x_wconf 87' lang='lat' dir='ltr'><strong>popular</strong></span> <span class='ocrx_word' id='word_1_267' title='bbox 969 3075 1135 3149; x_wconf 85' lang='lat' dir='ltr'><strong>language..</strong></span> 
     </span>
    </p>

    <p class='ocr_par' dir='ltr' id='par_1_6' title="bbox 70 3159 1191 4277">
     <span class='ocr_line' id='line_1_29' title="bbox 137 3159 1191 3237; baseline 0.005 -21"><span class='ocrx_word' id='word_1_268' title='bbox 137 3163 177 3218; x_wconf 87' lang='lat' dir='ltr'><strong>X.</strong></span> <span class='ocrx_word' id='word_1_269' title='bbox 215 3163 243 3218; x_wconf 89' lang='lat' dir='ltr'><strong>It</strong></span> <span class='ocrx_word' id='word_1_270' title='bbox 261 3164 285 3217; x_wconf 85' lang='lat' dir='ltr'><strong>is</strong></span> <span class='ocrx_word' id='word_1_271' title='bbox 303 3162 363 3218; x_wconf 88' lang='lat' dir='ltr'><strong>also</strong></span> <span class='ocrx_word' id='word_1_272' title='bbox 378 3169 409 3218; x_wconf 93' lang='grc' dir='ltr'><strong>ιο</strong></span> <span class='ocrx_word' id='word_1_273' title='bbox 428 3163 464 3217; x_wconf 91' lang='lat' dir='ltr'><strong>be</strong></span> <span class='ocrx_word' id='word_1_274' title='bbox 479 3161 624 3225; x_wconf 84' lang='lat' dir='ltr'><strong>ebscrred,</strong></span> <span class='ocrx_word' id='word_1_275' title='bbox 642 3160 704 3214; x_wconf 84' lang='lat' dir='ltr'><strong>that</strong></span> <span class='ocrx_word' id='word_1_276' title='bbox 721 3160 754 3213; x_wconf 84' lang='grc' dir='ltr'><strong>οι</strong></span> <span class='ocrx_word' id='word_1_277' title='bbox 772 3160 821 3215; x_wconf 90' lang='lat' dir='ltr'><strong>the</strong></span> <span class='ocrx_word' id='word_1_278' title='bbox 840 3161 935 3232; x_wconf 78' lang='lat' dir='ltr'><strong>things</strong></span> <span class='ocrx_word' id='word_1_279' title='bbox 949 3159 1040 3216; x_wconf 80' lang='lat' dir='ltr'><strong>which</strong></span> <span class='ocrx_word' id='word_1_280' title='bbox 1059 3179 1110 3219; x_wconf 89' lang='lat' dir='ltr'><strong>are</strong></span> <span class='ocrx_word' id='word_1_281' title='bbox 1123 3180 1191 3237; x_wconf 87' lang='lat' dir='ltr'><strong>pre·</strong></span> 
     </span>
     <span class='ocr_line' id='line_1_30' title="bbox 73 3246 1189 3321; baseline 0.002 -17"><span class='ocrx_word' id='word_1_282' title='bbox 73 3249 177 3314; x_wconf 89' lang='lat' dir='ltr'><strong>mised,</strong></span> <span class='ocrx_word' id='word_1_283' title='bbox 194 3265 273 3305; x_wconf 91' lang='lat' dir='ltr'><strong>some</strong></span> <span class='ocrx_word' id='word_1_284' title='bbox 292 3266 341 3304; x_wconf 87' lang='lat' dir='ltr'><strong>are</strong></span> <span class='ocrx_word' id='word_1_285' title='bbox 358 3250 496 3321; x_wconf 88' lang='lat' dir='ltr'><strong>promises</strong></span> <span class='ocrx_word' id='word_1_286' title='bbox 519 3249 552 3302; x_wconf 84' lang='lat' dir='ltr'><strong>ef</strong></span> <span class='ocrx_word' id='word_1_287' title='bbox 570 3247 679 3311; x_wconf 79' lang='lat' dir='ltr'><strong>favour,</strong></span> <span class='ocrx_word' id='word_1_288' title='bbox 694 3246 790 3302; x_wconf 85' lang='lat' dir='ltr'><strong>ethcrs</strong></span> <span class='ocrx_word' id='word_1_289' title='bbox 808 3247 841 3302; x_wconf 84' lang='grc' dir='ltr'><strong>οι</strong></span> <span class='ocrx_word' id='word_1_290' title='bbox 856 3248 956 3311; x_wconf 83' lang='lat' dir='ltr'><strong>ediunr,</strong></span> <span class='ocrx_word' id='word_1_291' title='bbox 971 3247 1067 3303; x_wconf 84' lang='lat' dir='ltr'><strong>ethcrr</strong></span> <span class='ocrx_word' id='word_1_292' title='bbox 1086 3249 1189 3318; x_wconf 84' lang='lat' dir='ltr'><strong>mixed,</strong></span> 
     </span>
     <span class='ocr_line' id='line_1_31' title="bbox 74 3333 1189 3410; baseline -0.004 -19"><span class='ocrx_word' id='word_1_293' title='bbox 74 3336 175 3392; x_wconf 87' lang='lat' dir='ltr'><strong>others</strong></span> <span class='ocrx_word' id='word_1_294' title='bbox 187 3336 323 3391; x_wconf 78' lang='lat' dir='ltr'><strong>medium·</strong></span> <span class='ocrx_word' id='word_1_295' title='bbox 362 3336 455 3390; x_wconf 86' lang='lat' dir='ltr'><strong>These</strong></span> <span class='ocrx_word' id='word_1_296' title='bbox 470 3351 518 3388; x_wconf 87' lang='lat' dir='ltr'><strong>are</strong></span> <span class='ocrx_word' id='word_1_297' title='bbox 534 3335 567 3388; x_wconf 71' lang='lat' dir='ltr'><strong>ot*</strong></span> <span class='ocrx_word' id='word_1_298' title='bbox 585 3333 694 3397; x_wconf 79' lang='lat' dir='ltr'><strong>fureur,</strong></span> <span class='ocrx_word' id='word_1_299' title='bbox 706 3333 797 3388; x_wconf 79' lang='lat' dir='ltr'><strong>which</strong></span> <span class='ocrx_word' id='word_1_300' title='bbox 816 3351 865 3389; x_wconf 88' lang='lat' dir='ltr'><strong>are</strong></span> <span class='ocrx_word' id='word_1_301' title='bbox 883 3334 967 3405; x_wconf 86' lang='lat' dir='ltr'><strong>cqual</strong></span> <span class='ocrx_word' id='word_1_302' title='bbox 984 3340 1014 3389; x_wconf 92' lang='lat' dir='ltr'><strong>te</strong></span> <span class='ocrx_word' id='word_1_303' title='bbox 1032 3334 1103 3391; x_wconf 89' lang='lat' dir='ltr'><strong>beth</strong></span> <span class='ocrx_word' id='word_1_304' title='bbox 1124 3354 1189 3410; x_wconf 89' lang='lat' dir='ltr'><strong>par.</strong></span> 
     </span>
     <span class='ocr_line' id='line_1_32' title="bbox 74 3420 1190 3494; baseline 0.002 -16"><span class='ocrx_word' id='word_1_305' title='bbox 74 3423 142 3488; x_wconf 86' lang='lat' dir='ltr'><strong>ties,</strong></span> <span class='ocrx_word' id='word_1_306' title='bbox 155 3422 212 3476; x_wconf 87' lang='lat' dir='ltr'><strong>and</strong></span> <span class='ocrx_word' id='word_1_307' title='bbox 225 3421 326 3492; x_wconf 90' lang='lat' dir='ltr'><strong>regard</strong></span> <span class='ocrx_word' id='word_1_308' title='bbox 338 3421 388 3476; x_wconf 90' lang='lat' dir='ltr'><strong>the</strong></span> <span class='ocrx_word' id='word_1_309' title='bbox 403 3437 535 3476; x_wconf 91' lang='lat' dir='ltr'><strong>commen</strong></span> <span class='ocrx_word' id='word_1_310' title='bbox 546 3421 650 3492; x_wconf 78' lang='lat' dir='ltr'><strong>utility.</strong></span> <span class='ocrx_word' id='word_1_311' title='bbox 689 3421 722 3474; x_wconf 90' lang='lat' dir='ltr'><strong>In</strong></span> <span class='ocrx_word' id='word_1_312' title='bbox 735 3422 903 3493; x_wconf 87' lang='lat' dir='ltr'><strong>propertien</strong></span> <span class='ocrx_word' id='word_1_313' title='bbox 914 3436 945 3474; x_wconf 88' lang='lat' dir='ltr'><strong>as</strong></span> <span class='ocrx_word' id='word_1_314' title='bbox 959 3420 1015 3476; x_wconf 84' lang='lat' dir='ltr'><strong>thir</strong></span> <span class='ocrx_word' id='word_1_315' title='bbox 1033 3421 1057 3476; x_wconf 87' lang='grc' dir='ltr'><strong>ιι</strong></span> <span class='ocrx_word' id='word_1_316' title='bbox 1075 3430 1190 3494; x_wconf 77' lang='lat' dir='ltr'><strong>greater</strong></span> 
     </span>
     <span class='ocr_line' id='line_1_33' title="bbox 74 3505 1188 3582; baseline 0.003 -19"><span class='ocrx_word' id='word_1_317' title='bbox 74 3509 135 3563; x_wconf 82' lang='lat' dir='ltr'><strong>and</strong></span> <span class='ocrx_word' id='word_1_318' title='bbox 150 3523 231 3564; x_wconf 89' lang='lat' dir='ltr'><strong>more</strong></span> <span class='ocrx_word' id='word_1_319' title='bbox 245 3508 397 3572; x_wconf 84' lang='lat' dir='ltr'><strong>extensive,</strong></span> <span class='ocrx_word' id='word_1_320' title='bbox 413 3507 462 3562; x_wconf 90' lang='lat' dir='ltr'><strong>the</strong></span> <span class='ocrx_word' id='word_1_321' title='bbox 480 3515 592 3578; x_wconf 78' lang='lat' dir='ltr'><strong>greater</strong></span> <span class='ocrx_word' id='word_1_322' title='bbox 611 3508 635 3561; x_wconf 88' lang='lat' dir='ltr'><strong>is</strong></span> <span class='ocrx_word' id='word_1_323' title='bbox 660 3506 710 3561; x_wconf 89' lang='lat' dir='ltr'><strong>the</strong></span> <span class='ocrx_word' id='word_1_324' title='bbox 731 3509 834 3562; x_wconf 78' lang='lat' dir='ltr'><strong>favour</strong></span> <span class='ocrx_word' id='word_1_325' title='bbox 851 3505 985 3561; x_wconf 90' lang='lat' dir='ltr'><strong>included</strong></span> <span class='ocrx_word' id='word_1_326' title='bbox 1003 3507 1032 3562; x_wconf 88' lang='lat' dir='ltr'><strong>in</strong></span> <span class='ocrx_word' id='word_1_327' title='bbox 1054 3507 1104 3564; x_wconf 86' lang='lat' dir='ltr'><strong>the</strong></span> <span class='ocrx_word' id='word_1_328' title='bbox 1121 3526 1188 3582; x_wconf 92' lang='lat' dir='ltr'><strong>pre·</strong></span> 
     </span>
     <span class='ocr_line' id='line_1_34' title="bbox 74 3592 1188 3666; baseline 0.001 -16"><span class='ocrx_word' id='word_1_329' title='bbox 74 3597 166 3661; x_wconf 88' lang='lat' dir='ltr'><strong>mise;</strong></span> <span class='ocrx_word' id='word_1_330' title='bbox 184 3612 215 3650; x_wconf 84' lang='lat' dir='ltr'><strong>as</strong></span> <span class='ocrx_word' id='word_1_331' title='bbox 227 3601 348 3666; x_wconf 88' lang='lat' dir='ltr'><strong>greater,</strong></span> <span class='ocrx_word' id='word_1_332' title='bbox 362 3594 437 3659; x_wconf 91' lang='lat' dir='ltr'><strong>thus,</strong></span> <span class='ocrx_word' id='word_1_333' title='bbox 452 3596 482 3649; x_wconf 89' lang='grc' dir='ltr'><strong>ιιι</strong></span> <span class='ocrx_word' id='word_1_334' title='bbox 496 3594 591 3666; x_wconf 87' lang='lat' dir='ltr'><strong>things</strong></span> <span class='ocrx_word' id='word_1_335' title='bbox 605 3593 697 3649; x_wconf 82' lang='lat' dir='ltr'><strong>which</strong></span> <span class='ocrx_word' id='word_1_336' title='bbox 711 3593 794 3650; x_wconf 83' lang='lat' dir='ltr'><strong>make</strong></span> <span class='ocrx_word' id='word_1_337' title='bbox 807 3595 853 3649; x_wconf 82' lang='lat' dir='ltr'><strong>ter</strong></span> <span class='ocrx_word' id='word_1_338' title='bbox 866 3609 953 3666; x_wconf 87' lang='lat' dir='ltr'><strong>peace</strong></span> <span class='ocrx_word' id='word_1_339' title='bbox 969 3592 1038 3648; x_wconf 88' lang='lat' dir='ltr'><strong>than</strong></span> <span class='ocrx_word' id='word_1_340' title='bbox 1050 3595 1097 3651; x_wconf 79' lang='lat' dir='ltr'><strong>sor</strong></span> <span class='ocrx_word' id='word_1_341' title='bbox 1112 3612 1188 3664; x_wconf 62' lang='lat' dir='ltr'><strong>wart</strong></span> 
     </span>
     <span class='ocr_line' id='line_1_35' title="bbox 74 3680 1188 3754; baseline 0.002 -16"><span class='ocrx_word' id='word_1_342' title='bbox 74 3682 135 3738; x_wconf 78' lang='lat' dir='ltr'><strong>and</strong></span> <span class='ocrx_word' id='word_1_343' title='bbox 155 3689 269 3754; x_wconf 85' lang='lat' dir='ltr'><strong>greater</strong></span> <span class='ocrx_word' id='word_1_344' title='bbox 288 3682 335 3736; x_wconf 81' lang='lat' dir='ltr'><strong>for</strong></span> <span class='ocrx_word' id='word_1_345' title='bbox 349 3682 494 3737; x_wconf 81' lang='lat' dir='ltr'><strong>defensire</strong></span> <span class='ocrx_word' id='word_1_346' title='bbox 514 3681 584 3736; x_wconf 89' lang='lat' dir='ltr'><strong>than</strong></span> <span class='ocrx_word' id='word_1_347' title='bbox 598 3681 644 3735; x_wconf 82' lang='lat' dir='ltr'><strong>for</strong></span> <span class='ocrx_word' id='word_1_348' title='bbox 658 3681 741 3736; x_wconf 89' lang='lat' dir='ltr'><strong>ether</strong></span> <span class='ocrx_word' id='word_1_349' title='bbox 762 3698 829 3737; x_wconf 77' lang='lat' dir='ltr'><strong>war.</strong></span> <span class='ocrx_word' id='word_1_350' title='bbox 874 3680 967 3736; x_wconf 90' lang='lat' dir='ltr'><strong>These</strong></span> <span class='ocrx_word' id='word_1_351' title='bbox 987 3695 1036 3735; x_wconf 83' lang='lat' dir='ltr'><strong>are</strong></span> <span class='ocrx_word' id='word_1_352' title='bbox 1050 3685 1188 3753; x_wconf 72' lang='lat' dir='ltr'><strong>promisca</strong></span> 
     </span>
     <span class='ocr_line' id='line_1_36' title="bbox 74 3767 1186 3842; baseline 0 -17"><span class='ocrx_word' id='word_1_353' title='bbox 74 3770 110 3825; x_wconf 82' lang='lat' dir='ltr'><strong>of</strong></span> <span class='ocrx_word' id='word_1_354' title='bbox 121 3769 218 3825; x_wconf 92' lang='lat' dir='ltr'><strong>edium</strong></span> <span class='ocrx_word' id='word_1_355' title='bbox 231 3769 324 3824; x_wconf 81' lang='lat' dir='ltr'><strong>which</strong></span> <span class='ocrx_word' id='word_1_356' title='bbox 338 3769 418 3841; x_wconf 77' lang='lat' dir='ltr'><strong>lays</strong></span> <span class='ocrx_word' id='word_1_357' title='bbox 441 3767 564 3822; x_wconf 88' lang='lat' dir='ltr'><strong>burthen</strong></span> <span class='ocrx_word' id='word_1_358' title='bbox 583 3784 621 3823; x_wconf 94' lang='grc' dir='ltr'><strong>οιι</strong></span> <span class='ocrx_word' id='word_1_359' title='bbox 642 3785 696 3823; x_wconf 93' lang='lat' dir='ltr'><strong>ene</strong></span> <span class='ocrx_word' id='word_1_360' title='bbox 717 3774 801 3842; x_wconf 82' lang='lat' dir='ltr'><strong>party</strong></span> <span class='ocrx_word' id='word_1_361' title='bbox 821 3767 949 3839; x_wconf 80' lang='lat' dir='ltr'><strong>en15,er</strong></span> <span class='ocrx_word' id='word_1_362' title='bbox 968 3782 1006 3821; x_wconf 87' lang='lat' dir='ltr'><strong>eu</strong></span> <span class='ocrx_word' id='word_1_363' title='bbox 1028 3783 1083 3823; x_wconf 90' lang='lat' dir='ltr'><strong>ene</strong></span> <span class='ocrx_word' id='word_1_364' title='bbox 1104 3784 1186 3826; x_wconf 88' lang='lat' dir='ltr'><strong>mere</strong></span> 
     </span>
     <span class='ocr_line' id='line_1_37' title="bbox 73 3853 1187 3926; baseline -0.002 -14"><span class='ocrx_word' id='word_1_365' title='bbox 73 3857 146 3912; x_wconf 90' lang='lat' dir='ltr'><strong>than</strong></span> <span class='ocrx_word' id='word_1_366' title='bbox 169 3857 300 3924; x_wconf 80' lang='lat' dir='ltr'><strong>another,</strong></span> <span class='ocrx_word' id='word_1_367' title='bbox 322 3856 380 3910; x_wconf 88' lang='lat' dir='ltr'><strong>and</strong></span> <span class='ocrx_word' id='word_1_368' title='bbox 403 3854 494 3910; x_wconf 83' lang='lat' dir='ltr'><strong>which</strong></span> <span class='ocrx_word' id='word_1_369' title='bbox 522 3856 630 3926; x_wconf 84' lang='lat' dir='ltr'><strong>impose</strong></span> <span class='ocrx_word' id='word_1_370' title='bbox 658 3855 806 3925; x_wconf 87' lang='lat' dir='ltr'><strong>penaltics,</strong></span> <span class='ocrx_word' id='word_1_371' title='bbox 828 3854 885 3910; x_wconf 90' lang='lat' dir='ltr'><strong>and</strong></span> <span class='ocrx_word' id='word_1_372' title='bbox 911 3853 1013 3925; x_wconf 81' lang='lat' dir='ltr'><strong>nullity</strong></span> <span class='ocrx_word' id='word_1_373' title='bbox 1038 3860 1107 3917; x_wconf 79' lang='lat' dir='ltr'><strong>acts,</strong></span> <span class='ocrx_word' id='word_1_374' title='bbox 1129 3853 1187 3910; x_wconf 85' lang='lat' dir='ltr'><strong>ond</strong></span> 
     </span>
     <span class='ocr_line' id='line_1_38' title="bbox 72 3939 1186 4016; baseline -0.001 -17"><span class='ocrx_word' id='word_1_375' title='bbox 72 3944 185 4014; x_wconf 86' lang='lat' dir='ltr'><strong>change</strong></span> <span class='ocrx_word' id='word_1_376' title='bbox 209 3943 318 3999; x_wconf 79' lang='lat' dir='ltr'><strong>former</strong></span> <span class='ocrx_word' id='word_1_377' title='bbox 338 3943 484 4016; x_wconf 89' lang='lat' dir='ltr'><strong>promises.</strong></span> <span class='ocrx_word' id='word_1_378' title='bbox 522 3941 551 3995; x_wconf 84' lang='lat' dir='ltr'><strong>Ii</strong></span> <span class='ocrx_word' id='word_1_379' title='bbox 569 3958 625 4012; x_wconf 82' lang='lat' dir='ltr'><strong>any</strong></span> <span class='ocrx_word' id='word_1_380' title='bbox 647 3939 729 4012; x_wconf 89' lang='lat' dir='ltr'><strong>thing</strong></span> <span class='ocrx_word' id='word_1_381' title='bbox 753 3942 788 3997; x_wconf 91' lang='lat' dir='ltr'><strong>be</strong></span> <span class='ocrx_word' id='word_1_382' title='bbox 812 3941 915 4005; x_wconf 84' lang='lat' dir='ltr'><strong>mixed,</strong></span> <span class='ocrx_word' id='word_1_383' title='bbox 934 3957 964 3996; x_wconf 89' lang='grc' dir='ltr'><strong>ιι</strong></span> <span class='ocrx_word' id='word_1_384' title='bbox 984 3939 1030 3994; x_wconf 75' lang='lat' dir='ltr'><strong>tor</strong></span> <span class='ocrx_word' id='word_1_385' title='bbox 1049 3940 1186 4007; x_wconf 77' lang='lat' dir='ltr'><strong>instance.</strong></span> 
     </span>
     <span class='ocr_line' id='line_1_39' title="bbox 71 4025 1187 4101; baseline 0.001 -17"><span class='ocrx_word' id='word_1_386' title='bbox 71 4029 150 4084; x_wconf 74' lang='lat' dir='ltr'><strong>what</strong></span> <span class='ocrx_word' id='word_1_387' title='bbox 162 4029 284 4101; x_wconf 88' lang='lat' dir='ltr'><strong>changes</strong></span> <span class='ocrx_word' id='word_1_388' title='bbox 298 4031 406 4086; x_wconf 82' lang='lat' dir='ltr'><strong>former</strong></span> <span class='ocrx_word' id='word_1_389' title='bbox 420 4036 607 4101; x_wconf 77' lang='lat' dir='ltr'><strong>agreements,</strong></span> <span class='ocrx_word' id='word_1_390' title='bbox 619 4027 669 4081; x_wconf 90' lang='lat' dir='ltr'><strong>but</strong></span> <span class='ocrx_word' id='word_1_391' title='bbox 681 4028 728 4082; x_wconf 83' lang='lat' dir='ltr'><strong>ier</strong></span> <span class='ocrx_word' id='word_1_392' title='bbox 742 4027 791 4083; x_wconf 88' lang='lat' dir='ltr'><strong>tho</strong></span> <span class='ocrx_word' id='word_1_393' title='bbox 803 4029 870 4083; x_wconf 88' lang='lat' dir='ltr'><strong>sake</strong></span> <span class='ocrx_word' id='word_1_394' title='bbox 883 4028 917 4082; x_wconf 81' lang='lat' dir='ltr'><strong>ei</strong></span> <span class='ocrx_word' id='word_1_395' title='bbox 925 4042 1020 4098; x_wconf 82' lang='lat' dir='ltr'><strong>peace,</strong></span> <span class='ocrx_word' id='word_1_396' title='bbox 1034 4025 1096 4082; x_wconf 87' lang='lat' dir='ltr'><strong>that</strong></span> <span class='ocrx_word' id='word_1_397' title='bbox 1110 4036 1187 4086; x_wconf 79' lang='lat' dir='ltr'><strong>must</strong></span> 
     </span>
     <span class='ocr_line' id='line_1_40' title="bbox 72 4113 1186 4187; baseline -0.003 -13"><span class='ocrx_word' id='word_1_398' title='bbox 72 4116 111 4174; x_wconf 90' lang='lat' dir='ltr'><strong>be</strong></span> <span class='ocrx_word' id='word_1_399' title='bbox 123 4115 190 4172; x_wconf 91' lang='lat' dir='ltr'><strong>held</strong></span> <span class='ocrx_word' id='word_1_400' title='bbox 204 4117 371 4173; x_wconf 82' lang='lat' dir='ltr'><strong>farenrable</strong></span> <span class='ocrx_word' id='word_1_401' title='bbox 384 4133 418 4172; x_wconf 88' lang='lat' dir='ltr'><strong>or</strong></span> <span class='ocrx_word' id='word_1_402' title='bbox 431 4116 530 4172; x_wconf 89' lang='lat' dir='ltr'><strong>odiens</strong></span> <span class='ocrx_word' id='word_1_403' title='bbox 543 4131 573 4169; x_wconf 89' lang='lat' dir='ltr'><strong>as</strong></span> <span class='ocrx_word' id='word_1_404' title='bbox 585 4113 636 4169; x_wconf 90' lang='lat' dir='ltr'><strong>the</strong></span> <span class='ocrx_word' id='word_1_405' title='bbox 654 4129 709 4168; x_wconf 90' lang='lat' dir='ltr'><strong>one</strong></span> <span class='ocrx_word' id='word_1_406' title='bbox 726 4130 760 4169; x_wconf 93' lang='lat' dir='ltr'><strong>or</strong></span> <span class='ocrx_word' id='word_1_407' title='bbox 781 4113 831 4170; x_wconf 91' lang='lat' dir='ltr'><strong>the</strong></span> <span class='ocrx_word' id='word_1_408' title='bbox 853 4113 937 4170; x_wconf 91' lang='lat' dir='ltr'><strong>ether</strong></span> <span class='ocrx_word' id='word_1_409' title='bbox 954 4128 1020 4186; x_wconf 84' lang='lat' dir='ltr'><strong>may</strong></span> <span class='ocrx_word' id='word_1_410' title='bbox 1041 4113 1186 4187; x_wconf 85' lang='lat' dir='ltr'><strong>predemi·</strong></span> 
     </span>
     <span class='ocr_line' id='line_1_41' title="bbox 70 4201 757 4277; baseline -0.003 -19"><span class='ocrx_word' id='word_1_411' title='bbox 70 4211 150 4277; x_wconf 80' lang='lat' dir='ltr'><strong>nate,</strong></span> <span class='ocrx_word' id='word_1_412' title='bbox 164 4203 279 4274; x_wconf 85' lang='lat' dir='ltr'><strong>lcaning</strong></span> <span class='ocrx_word' id='word_1_413' title='bbox 290 4214 320 4257; x_wconf 89' lang='grc' dir='ltr'><strong>ιο</strong></span> <span class='ocrx_word' id='word_1_414' title='bbox 332 4203 506 4268; x_wconf 80' lang='lat' dir='ltr'><strong>sareurablc,</strong></span> <span class='ocrx_word' id='word_1_415' title='bbox 521 4201 622 4256; x_wconf 67' lang='lat' dir='ltr'><strong>certeris</strong></span> <span class='ocrx_word' id='word_1_416' title='bbox 634 4201 757 4272; x_wconf 80' lang='lat' dir='ltr'><strong>peribus.</strong></span> 
     </span>
    </p>

    <p class='ocr_par' dir='ltr' id='par_1_7' title="bbox 68 4285 1186 4448">
     <span class='ocr_line' id='line_1_42' title="bbox 130 4285 1186 4362; baseline 0.001 -18"><span class='ocrx_word' id='word_1_417' title='bbox 130 4289 186 4344; x_wconf 86' lang='lat' dir='ltr'><strong>XI.</strong></span> <span class='ocrx_word' id='word_1_418' title='bbox 221 4290 283 4345; x_wconf 87' lang='lat' dir='ltr'><strong>The</strong></span> <span class='ocrx_word' id='word_1_419' title='bbox 295 4290 502 4345; x_wconf 78' lang='lat' dir='ltr'><strong>distinctiones</strong></span> <span class='ocrx_word' id='word_1_420' title='bbox 512 4296 571 4343; x_wconf 84' lang='lat' dir='ltr'><strong>ncta</strong></span> <span class='ocrx_word' id='word_1_421' title='bbox 587 4290 662 4342; x_wconf 82' lang='lat' dir='ltr'><strong>benae</strong></span> <span class='ocrx_word' id='word_1_422' title='bbox 671 4289 739 4362; x_wconf 79' lang='lat' dir='ltr'><strong>fidei</strong></span> <span class='ocrx_word' id='word_1_423' title='bbox 749 4287 805 4342; x_wconf 88' lang='lat' dir='ltr'><strong>and</strong></span> <span class='ocrx_word' id='word_1_424' title='bbox 818 4287 905 4343; x_wconf 74' lang='lat' dir='ltr'><strong>stricti</strong></span> <span class='ocrx_word' id='word_1_425' title='bbox 910 4285 993 4359; x_wconf 77' lang='lat' dir='ltr'><strong>juria,</strong></span> <span class='ocrx_word' id='word_1_426' title='bbox 1007 4303 1040 4342; x_wconf 87' lang='grc' dir='ltr'><strong>ιο</strong></span> <span class='ocrx_word' id='word_1_427' title='bbox 1054 4286 1100 4343; x_wconf 80' lang='grc' dir='ltr'><strong>ιιι</strong></span> <span class='ocrx_word' id='word_1_428' title='bbox 1116 4304 1147 4345; x_wconf 84' lang='grc' dir='ltr'><strong>ιι</strong></span> <span class='ocrx_word' id='word_1_429' title='bbox 1161 4288 1186 4345; x_wconf 86' lang='grc' dir='ltr'><strong>ιι</strong></span> 
     </span>
     <span class='ocr_line' id='line_1_43' title="bbox 68 4374 1182 4448; baseline 0.003 -16"><span class='ocrx_word' id='word_1_430' title='bbox 68 4377 149 4432; x_wconf 76' lang='lat' dir='ltr'><strong>ttowr</strong></span> <span class='ocrx_word' id='word_1_431' title='bbox 171 4375 244 4432; x_wconf 82' lang='lat' dir='ltr'><strong>from</strong></span> <span class='ocrx_word' id='word_1_432' title='bbox 266 4376 316 4433; x_wconf 91' lang='lat' dir='ltr'><strong>the</strong></span> <span class='ocrx_word' id='word_1_433' title='bbox 335 4379 448 4432; x_wconf 85' lang='lat' dir='ltr'><strong>Reman</strong></span> <span class='ocrx_word' id='word_1_434' title='bbox 470 4377 546 4441; x_wconf 68' lang='lat' dir='ltr'><strong>hair,</strong></span> <span class='ocrx_word' id='word_1_435' title='bbox 566 4375 633 4431; x_wconf 87' lang='lat' dir='ltr'><strong>does</strong></span> <span class='ocrx_word' id='word_1_436' title='bbox 651 4382 702 4430; x_wconf 91' lang='grc' dir='ltr'>ιιοι</span> <span class='ocrx_word' id='word_1_437' title='bbox 722 4375 834 4448; x_wconf 86' lang='lat' dir='ltr'><strong>pertain</strong></span> <span class='ocrx_word' id='word_1_438' title='bbox 853 4380 884 4431; x_wconf 91' lang='lat' dir='ltr'><strong>te</strong></span> <span class='ocrx_word' id='word_1_439' title='bbox 902 4374 952 4430; x_wconf 87' lang='lat' dir='ltr'><strong>the</strong></span> <span class='ocrx_word' id='word_1_440' title='bbox 970 4374 1024 4430; x_wconf 78' lang='lat' dir='ltr'><strong>Jur</strong></span> <span class='ocrx_word' id='word_1_441' title='bbox 1044 4375 1182 4435; x_wconf 75' lang='lat' dir='ltr'><strong>Gentium.</strong></span> 
     </span>
    </p>

    <p class='ocr_par' dir='ltr' id='par_1_8' title="bbox 46 4459 1185 4538">
     <span class='ocr_line' id='line_1_44' title="bbox 46 4459 1185 4538; baseline 0.002 -18"><span class='ocrx_word' id='word_1_442' title='bbox 46 4461 50 4468; x_wconf 84' lang='lat'>&#39;</span> <span class='ocrx_word' id='word_1_443' title='bbox 68 4464 130 4520; x_wconf 86' lang='lat' dir='ltr'><strong>Yet</strong></span> <span class='ocrx_word' id='word_1_444' title='bbox 152 4463 182 4518; x_wconf 91' lang='lat' dir='ltr'><strong>in</strong></span> <span class='ocrx_word' id='word_1_445' title='bbox 206 4481 224 4519; x_wconf 89' lang='lat' dir='ltr'><strong>a</strong></span> <span class='ocrx_word' id='word_1_446' title='bbox 247 4465 356 4520; x_wconf 86' lang='lat' dir='ltr'><strong>certain</strong></span> <span class='ocrx_word' id='word_1_447' title='bbox 379 4481 462 4521; x_wconf 86' lang='lat' dir='ltr'><strong>senso</strong></span> <span class='ocrx_word' id='word_1_448' title='bbox 482 4466 505 4519; x_wconf 89' lang='lat' dir='ltr'><strong>it</strong></span> <span class='ocrx_word' id='word_1_449' title='bbox 524 4479 590 4538; x_wconf 81' lang='lat' dir='ltr'><strong>may</strong></span> <span class='ocrx_word' id='word_1_450' title='bbox 609 4462 646 4519; x_wconf 92' lang='lat' dir='ltr'><strong>bo</strong></span> <span class='ocrx_word' id='word_1_451' title='bbox 663 4461 789 4536; x_wconf 82' lang='lat' dir='ltr'><strong>adopted</strong></span> <span class='ocrx_word' id='word_1_452' title='bbox 808 4460 894 4518; x_wconf 87' lang='lat' dir='ltr'><strong>here:</strong></span> <span class='ocrx_word' id='word_1_453' title='bbox 918 4476 950 4516; x_wconf 90' lang='grc' dir='ltr'><strong>ιο</strong></span> <span class='ocrx_word' id='word_1_454' title='bbox 966 4459 1011 4516; x_wconf 83' lang='grc' dir='ltr'><strong>ιιι</strong></span> <span class='ocrx_word' id='word_1_455' title='bbox 1024 4477 1055 4518; x_wconf 88' lang='grc' dir='ltr'><strong>ιιι</strong></span> <span class='ocrx_word' id='word_1_456' title='bbox 1068 4462 1124 4521; x_wconf 83' lang='lat' dir='ltr'><strong>thir</strong></span> <span class='ocrx_word' id='word_1_457' title='bbox 1137 4462 1185 4522; x_wconf 77' lang='lat' dir='ltr'><strong>fer</strong></span> 
     </span>
    </p>
   </div>
   <div class='ocr_carea' id='block_1_5' title="bbox 967 4562 1085 4629">
    <p class='ocr_par' dir='ltr' id='par_1_9' title="bbox 967 4562 1085 4629">
     <span class='ocr_line' id='line_1_45' title="bbox 967 4562 1085 4629; baseline 0.008 -1"><span class='ocrx_word' id='word_1_458' title='bbox 967 4562 1085 4629; x_wconf 54' lang='lat' dir='ltr'><strong>ibt</strong></span> 
     </span>
    </p>
   </div>
   <div class='ocr_carea' id='block_1_6' title="bbox 0 0 1418 4920">
    <p class='ocr_par' dir='ltr' id='par_1_10' title="bbox 0 0 1418 4920">
     <span class='ocr_line' id='line_1_46' title="bbox 0 0 1418 4920; baseline 0 3"><span class='ocrx_word' id='word_1_459' title='bbox 0 0 1418 4920; x_wconf 95' lang='lat' dir='ltr'><strong> </strong></span> 
     </span>
    </p>
   </div>
  </div>
 </body>
</html>
