2828 4928
15 267 243 338 cinnii]
279 271 331 325 DE
356 271 491 326 brusts
514 271 645 327 iustis
669 271 723 328 UT
744 271 913 336 BELLUM,
935 271 1018 326 ETc.
1082 265 1144 328 449

16 445 82 512 est,
104 435 255 522 quamdiu
273 458 342 500 eam
361 436 534 523 opinionem
553 460 615 503 non
629 447 732 526 potest
750 439 926 528 deponere:
943 448 979 506 ut
996 461 1036 505 ex
1051 461 1147 528 supra

18 536 175 602 tractatis
191 544 335 624 apparet.

106 639 167 704 IV.
212 639 232 702 1
269 637 362 714 Quod
380 635 405 701 si
421 637 552 715 dubitet,
571 661 622 704 res
636 638 721 705 licita
738 640 779 706 sit
800 663 907 718 necue,
926 641 1027 707 eritne
1043 640 1145 729 quies·

23 737 165 804 cendum
196 758 236 801 an
266 738 467 823 parendum?
534 740 712 805 Parendum
741 741 882 828 plerique
912 750 1058 807 censent:
1088 764 1146 808 nec

25 841 159 904 obstare
177 837 252 902 illud
270 837 440 915 laudatum,
462 839 554 917 Quod
572 839 695 906 dubites
712 864 752 906 ne
768 841 898 908 feceriss
915 841 988 928 quia
1005 840 1058 929 qui
1074 863 1146 906 con·

24 938 214 1026 templative
231 936 354 1002 dubitat
372 947 475 1024 potest
495 940 598 1004 activo
612 939 728 1026 judicio
752 964 815 1006 non
833 941 996 1007 dubitare:
1017 941 1146 1007 eredere

27 1039 115 1104 euim
132 1046 235 1124 potest
253 1037 286 1102 in
303 1059 338 1103 re
352 1038 447 1104 dubia
464 1040 696 1125 obsequendum
714 1041 876 1128 superiori.
919 1044 962 1107 Et
978 1065 1053 1108 sane
1070 1041 1146 1128 quin

28 1139 99 1204 haec
117 1138 274 1204 distinctio
286 1138 394 1226 judicii
413 1139 544 1225 duplicis
557 1140 589 1203 in
603 1140 707 1204 multis
720 1141 892 1208 actionibus
903 1142 1001 1208 locum
1018 1143 1144 1219 habeat,

29 1239 144 1328 negari
162 1261 225 1304 non
242 1249 354 1327 potest.
397 1239 418 1303 J
422 1261 479 1302 ura
496 1237 608 1314 civilia,
628 1261 691 1303 non
709 1242 921 1308 Romanorum
940 1253 1071 1318 tantum,
1089 1241 1145 1307 sed

30 1351 64 1406 et
81 1339 216 1404 aliarum
239 1340 389 1427 gentium,
411 1337 443 1402 in
465 1337 521 1404 tali
543 1338 774 1406 circumstantia
796 1365 858 1407 non
876 1344 967 1408 modo
984 1341 1146 1428 mimpuni-

31 1447 132 1506 tatem
150 1440 322 1505 concedunt
340 1437 568 1514 obedientibus,
590 1439 645 1504 sed
666 1449 699 1506 et
719 1441 870 1507 actionem
894 1443 927 1507 in
950 1465 1003 1508 eos
1023 1441 1145 1507 civilem

31 1541 201 1628 denegant.
245 1541 277 1605 Is
298 1540 445 1605 damnum
468 1539 532 1615 dat,
556 1540 654 1617 aiunt,
678 1540 731 1627 qui
748 1541 840 1629 jubet
862 1544 953 1609 dare:
978 1542 1044 1630 ejus
1068 1563 1145 1607 uero
1159 1551 1289 1639 gggffgp

31 1642 119 1705 nulla
142 1640 233 1726 culpa
251 1651 309 1715 est,
332 1640 380 1706 cui
397 1661 510 1727 parere
532 1662 657 1707 necesse
679 1651 735 1707 est.
783 1643 961 1709 Necessitas
983 1643 1146 1732 potestatis
1160 1645 1310 1730 ffiglptpgxg·

30 1750 172 1818 excusat,
190 1749 222 1805 et
237 1740 358 1805 similia.
1159 1738 1307 1830 dissidii.

1087 1843 1094 1858 ·
1160 1831 1251 1874 citetur,
1261 1831 1302 1872 107.

110 1844 133 1906 2
169 1841 241 1927 lpse
259 1838 445 1906 Aristoteles
461 1844 753 1909 Nicomacbiorum
770 1841 893 1930 quinto,
911 1843 960 1910 his
977 1843 1031 1930 qui
1052 1843 1148 1931 injus·
1160 1876 1176 1960 p
1175 1875 1275 1961 pprppp
1285 1877 1303 1915 1.

1162 1969 1277 2007 Panttn

24 2037 130 2088 πολλοὶ
142 2039 206 2097 γοῦν
217 2032 349 2098 ἆρχόντιου
359 2035 401 2084 ἐπὶ
413 2035 500 2096 φόνοις
511 2036 566 2083 tet·
614 2037 677 2084 nibil
691 2037 824 2097 deliquisse,
840 2037 883 2099 qui
895 2037 988 2084 domino
998 2035 1091 2094 jatbenti
1106 2037 1147 2084 cb·
1160 2025 1203 2099 '‘i'’
1212 2015 1283 2104 iffi

24 2135 84 2165 κοις
111 2112 338 2175 κατηγορηθέντος,
367 2114 437 2168 δίκην
466 2113 567 2160 ἔδοσαν·
614 2115 760 2174 temperarit.
791 2113 847 2161 Lib.
864 2117 887 2162 2.
909 2114 941 2159 1).
963 2061 1302 2192 delt'oae.Act.pig”p⁰1l}¹r,-‚a

21 2195 92 2240 τοὺς
104 2192 130 2238 δὲ
142 2191 242 2248 δημίους
251 2190 311 2237 τοὺς
321 2188 520 2249 διακονουμένους
527 2191 567 2249 τῳ·
620 2190 682 2238 l'elle
691 2207 736 2236 raon
744 2192 849 2238 creditur
856 2193 898 2253 qai
906 2191 1041 2252 obsequitur
1048 2190 1147 2250 imperio
1160 2164 1282 2237 ‹ie'ehirli

22 2267 105 2330 φόνῳ
125 2268 168 2311 scal
185 2265 337 2327 αὐτόχειρος
354 2266 501 2325 γενομένους
520 2268 566 2320 τῆς
610 2266 849 2327 patrisreldoruiui.
881 2267 909 2313 L.
920 2270 943 2313 4.
954 2266 986 2312 D.
1004 2265 1033 2312 de
1047 2265 1148 2326 Repuls's
1159 2246 1316 2340 ‘maffia

21 2345 150 2405 σφαγῆς,
166 2341 216 2388 οὐδ’
233 2343 267 2388 eir
283 2342 446 2400 δικαστήριον
462 2341 566 2388 ἑλκύσαι
608 2341 683 2400 juris,
700 2348 725 2388 et
741 2343 773 2387 ihi
787 2342 910 2403 Cujuclus.
941 2343 1045 2389 Seneca:
1063 2340 1092 2386 ln
1106 2356 1145 2386 uo·
1161 2339 1191 2391 tit.
1203 2340 1231 2376 ¹¹·
1241 2340 1288 2420 ἷ-9ς

19 2435 80 2473 τις,
97 2414 160 2461 ἀλλ’
170 2414 224 2460 οὐδὲ
234 2413 343 2474 ζητήσαι
356 2413 403 2468 τήν
418 2413 507 2475 α’ρχιὶν,
522 2418 569 2470 τῆς
615 2417 676 2465 lente
691 2420 817 2465 necessitas
833 2434 879 2464 non
896 2425 938 2466 cst.
979 2418 1075 2477 (Epist.
1092 2417 1145 2473 61.)
1161 2383 1300 2486 ῗῖιξῖξιςζῗι
1313 2435 1318 2443 ·

20 2493 147 2553 ἀνάγκης
164 2491 227 2552 ὑπὲρ
249 2493 332 2538 αὐτῶν
350 2489 566 2552 ἀπολογουμένης,
616 2494 688 2540 Adde
703 2494 783 2552 legem
795 2494 1002 2555 Langobardicom
1017 2493 1070 2540 Lib.
1080 2507 1097 2540 1.
1109 2493 1148 2538 tir.
1162 2476 1250 2561 idmst·
1258 2477 1291 2516 m·

20 2571 74 2618 «ai
90 2568 139 2614 τοῦ
154 2569 201 2622 τῆς
212 2566 294 2628 ἀρχῆς
307 2567 451 2628 dissipor-oe
465 2567 507 2614 καὶ
521 2569 568 2614 τοῦ
615 2569 646 2615 ir.
657 2573 755 2631 capll.
783 2570 938 2616 Mithridates
948 2570 1048 2616 libertos
1060 2569 1149 2627 nstitit,
1161 2571 1210 2620 0⁸1³·
1221 2569 1250 2608 12

21 2644 109 2701 τῆςύ
137 2644 232 2703 >scyris
246 2644 339 2703 φόβου·
359 2644 500 2704 multiceps
516 2658 568 2689 ma·
616 2647 725 2691 conscios
735 2645 807 2690 eaedis
817 2645 842 2690 in
853 2660 879 2690 se
888 2645 1150 2705 cogitarae,inrpunttos

21 2709 179 2785 histriatarum
197 2718 227 2765 ob
246 2718 349 2777 injustas
368 2718 441 2766 cades
460 2719 568 2766 accessisti
617 2722 714 2778 dimisit,
730 2727 754 2767 et
765 2721 818 2780 ejus
828 2720 869 2780 qui
880 2735 895 2765 e
907 2734 933 2767 se
947 2721 1069 2767 deiecerat
1078 2720 1150 2768 lilios.

16 2795 248 2860 poenasdederunt.
275 2795 310 2842 At
320 2795 447 2856 carnifices
456 2797 498 2857 qai
509 2796 569 2842 coedi
619 2796 711 2859 [Immo
714 2795 769 2856 filii
779 2796 877 2841 colicos.
907 2796 967 2854 Peg.
979 2797 1034 2842 241.
1053 2794 1150 2843 adst.

24 2873 198 2928 ministerium,
212 2872 255 2932 qai
268 2886 378 2918 manuam
389 2886 487 2932 operam
500 2887 567 2932 prae·
618 2872 698 2934 Steph.
709 2878 735 2918 ct
745 2885 802 2932 pag.
810 2870 874 2932 233]
907 2872 1036 2932 Appianas
1050 2871 1149 2917 Mithri·

24 2953 111 3005 bucre,
128 2946 422 3005 nemotnjasvocazerts,
438 2948 568 2994 imcdciis
617 2950 703 2996 datico.
732 2948 867 2994 Absolutus
877 2948 989 2994 Tiberius
1000 2947 1150 2994 Gracchus·

25 3041 59 3075 nc
77 3024 200 3085 qaaesierit
215 3023 323 3085 quidem:
339 3029 437 3071 excusat
453 3026 514 3069 enim
529 3038 569 3070 eos
617 3024 691 3084 culpa
700 3023 843 3070 Numantini
859 3024 964 3080 toederis,
976 3023 1090 3082 quoniam
1103 3022 1149 3068 ali-

25 3101 162 3151 seccessitas
171 3114 200 3146 es
211 3100 327 3160 dignitate
335 3101 442 3157 jubentis
451 3105 473 3145 et
483 3114 512 3145 es
520 3113 567 3158 pa·
617 3114 663 3147 eno
688 3100 790 3158 imperio
813 3103 964 3158 peccaverat.
1009 3097 1147 3158 (Plutarch.

26 3178 110 3226 rcntis
121 3175 212 3221 timore.
242 3175 323 3232 (Tem.
332 3187 369 3219 vr.
381 3188 437 3233 pag.
444 3176 496 3221 sto.
517 3172 567 3220 Ed.
616 3189 673 3237 pag.
683 3174 737 3233 sto,
746 3173 812 3235 827.)

28 3254 126 3311 Sunii.)
143 3253 182 3298 Ex
193 3252 265 3298 Celso
276 3251 402 3311 Ulpianus,
411 3265 511 3309 seruum,
526 3251 568 3309 ait,

27 3505 119 3567 think
139 3503 202 3560 that
215 3502 253 3560 he
268 3503 357 3576 ought
377 3509 408 3559 to
426 3504 507 3575 obey.
542 3502 608 3559 And
628 3504 696 3578 they
709 3504 777 3560 hold
791 3504 854 3561 that
869 3503 919 3560 the
934 3503 995 3558 mle
1012 3502 1080 3557 does
1095 3506 1148 3556 not

28 3595 131 3669 apply,
142 3593 181 3663 Is
191 3611 247 3664 you
257 3593 338 3646 doubt
349 3593 383 3646 do
395 3601 441 3645 aot
454 3593 487 3645 cio
499 3593 528 3645 it.
557 3592 683 3646 Because
697 3592 734 3646 he
747 3592 809 3646 who
823 3592 925 3646 doubts
937 3589 1147 3662 speculatively,

27 3699 101 3752 may
117 3689 168 3733 not
182 3679 219 3733 be
238 3681 267 3732 in
281 3680 370 3733 doubt
383 3679 412 3732 in
424 3678 467 3732 his
479 3678 612 3749 practical
629 3679 787 3749 jurlgment.
826 3678 872 3732 Ile
889 3695 953 3748 may
965 3677 1073 3732 believe
1085 3675 1148 3731 that

27 3772 61 3826 iu
73 3786 91 3822 a
101 3766 233 3821 doubtful
244 3775 348 3820 nmttcr
356 3765 393 3820 he
405 3765 493 3835 ought
503 3772 532 3818 to
544 3765 616 3836 obuy
630 3764 673 3818 his
686 3766 821 3835 superior.
850 3765 913 3818 And
927 3763 1073 3834 certainly,
1084 3763 1148 3817 that

28 3857 92 3913 this
109 3853 272 3930 distinction
286 3855 348 3908 oia
369 3851 482 3907 tnoiold
501 3852 660 3921 judgmcnt,
672 3868 690 3904 a
705 3851 878 3922 speculativo
897 3851 952 3904 aud
972 3848 1148 3922 apractical,

27 3942 118 4000 holds
131 3941 160 3993 iu
175 3958 261 4011 many
273 3943 389 4004 actions,
401 3947 504 3994 cannot
516 3938 551 3992 bo
564 3937 674 3993 denied.
715 3937 785 3990 Ciril
797 3939 886 4001 Laus,
899 3945 949 3992 not
962 3937 1043 3991 those
1055 3935 1088 3990 oi
1097 3935 1148 3989 the

27 4033 162 4087 Romans
184 4027 260 4098 only,
278 4028 331 4081 but
349 4028 382 4081 of
400 4025 483 4080 other
500 4026 611 4080 tratione
629 4026 697 4089 also,
718 4025 746 4078 iu
763 4024 832 4079 such
852 4026 1077 4086 circumstances,
1096 4027 1148 4076 not

27 4115 103 4186 only
115 4119 199 4184 grant
217 4115 357 4186 impunity
376 4119 407 4168 to
427 4112 508 4167 those
526 4113 588 4166 who
603 4112 684 4184 obey,
699 4111 751 4166 but
766 4112 825 4166 also
837 4112 931 4167 refuso
943 4129 961 4165 a
973 4111 1036 4166 civil
1052 4109 1147 4163 action

27 4202 147 4275 against
161 4199 249 4253 them.
288 4201 368 4272 They
387 4218 444 4270 say,
463 4199 499 4254 be
521 4201 589 4254 does
608 4199 657 4254 the
676 4198 794 4269 damage
814 4197 875 4253 ulio
896 4199 994 4252 erdem
1016 4198 1039 4251 it
1058 4206 1089 4249 to
1110 4194 1147 4249 be

28 4293 128 4350 done3
146 4285 183 4340 ho
198 4287 221 4340 is
234 4288 263 4340 in
278 4304 316 4342 no
331 4288 404 4341 fault
416 4287 477 4340 who
490 4289 513 4341 is
528 4287 640 4358 obliged
654 4295 684 4340 to
700 4285 788 4359 obcy;
807 4285 856 4340 the
868 4285 1006 4356 necessity
1018 4275 1146 4354 imposed

26 4380 71 4450 by
86 4372 233 4443 authority
245 4391 374 4440 excuses3
392 4374 447 4428 and
461 4373 509 4429 the
524 4374 590 4430 like.

87 4468 106 4518 2
129 4461 169 4514 So
189 4461 325 4517 Aristotle
344 4470 529 4528 enumeratos,
547 4478 651 4533 among
669 4460 750 4517 those
765 4458 828 4514 ulio
843 4459 880 4514 do
895 4475 932 4512 an
946 4459 1043 4529 unjust
1056 4456 1147 4528 thing,

1002 4574 1048 4637 ‘tt

135 4621 255 4710 [onor.
272 4625 324 4714 tn]
