2828 4920
232 238 297 303 154
445 246 498 303 DE
520 246 741 304 FEDERIBUS
764 245 813 303 Ac
835 244 1133 304 SPONSIONIBUS.
1214 244 1290 314 [hm.
1304 248 1344 303 11.

231 413 310 480 finos
323 411 408 480 nudo
424 413 600 481 obnutivos.
647 413 740 492 Quod
757 411 785 478 si
803 411 923 478 Lutatii
942 411 1044 500 pactio
1062 409 1168 499 piures
1184 409 1348 480 habuisset

231 519 350 602 portos,
367 520 401 578 ot
417 522 539 580 cetoros
555 523 662 602 partos
684 535 705 578 n
723 512 796 600 juro
814 511 969 578 communi
985 510 1137 577 abeuntes
1163 509 1347 578 observatas

232 631 254 678 o
269 609 421 678 Romanis
436 634 560 701 sempor
576 624 755 702 appareret,
773 611 840 699 jorn
863 611 940 677 sotis
957 611 1048 677 firma
1063 618 1148 677 ossot
1165 610 1348 698 conjecturs

231 709 376 800 probatio
392 713 553 800 pactionis.
1305 760 1309 766 ·

309 811 332 876 4
365 811 521 878 Restabat
543 810 594 878 hio
619 809 724 878 dicero
740 808 859 898 aliquid
876 808 916 876 do
933 809 1137 896 pactionibus,
1156 832 1235 897 quas
1250 810 1348 878 duces
1368 858 1369 861 κ

233 916 268 978 ot
283 909 396 977 milites
408 933 471 978 non
484 912 524 978 do
541 932 578 977 oo
595 911 679 1000 quod
695 912 806 976 summi
823 918 872 977 ost
887 908 1020 994 imperii,
1034 909 1090 975 sod
1107 909 1147 975 do
1165 933 1200 976 ro
1218 911 1349 999 privata

232 1031 292 1076 sno
307 1019 363 1077 out
378 1009 438 1076 sibi
455 1011 605 1097 permissa
624 1011 761 1078 faciunt:
787 1009 843 1076 sod
867 1008 906 1074 do
929 1007 979 1072 his
1004 1008 1121 1096 agendi
1138 1010 1347 1098 opportunior

234 1107 297 1176 erit
311 1107 398 1175 locus
414 1109 468 1176 ubi
481 1110 524 1176 nd
540 1133 578 1178 en
595 1133 666 1199 quae
683 1111 715 1176 in
733 1109 814 1177 bollo
831 1107 976 1175 sooidunt
991 1114 1179 1194 perventum
1196 1109 1265 1176 erit.

291 1393 309 1445 1
330 1389 360 1446 It
370 1392 514 1449 remnined
526 1400 556 1450 to
568 1401 643 1450 trost
655 1395 688 1450 os
698 1394 746 1450 tho
759 1395 941 1450 conventions
953 1390 1045 1446 which
1057 1389 1186 1462 generals
1198 1390 1255 1445 ond
1268 1407 1353 1446 oom-

235 1474 369 1532 munden
385 1477 420 1532 os
435 1481 536 1536 numios
551 1481 643 1546 mnko,
664 1487 715 1536 not
726 1481 897 1551 concerning
915 1477 1043 1551 politiosl
1058 1484 1186 1541 matters,
1200 1475 1253 1532 but
1270 1477 1353 1532 their

236 1577 300 1617 own
310 1563 494 1636 proooedings
506 1566 562 1621 oud
577 1567 718 1622 business:
738 1567 791 1621 but
803 1583 844 1621 wo
856 1565 928 1620 sbnli
940 1564 1012 1620 horo
1024 1581 1042 1619 n
1053 1563 1149 1620 bottor
1159 1565 1352 1636 opportunity

236 1646 270 1703 oi
285 1648 441 1723 discussing
454 1651 510 1707 this
522 1653 552 1707 in
567 1654 689 1723 trenting
703 1652 736 1708 of
749 1652 797 1708 tho
812 1653 887 1707 rulos
903 1652 936 1707 of
948 1652 1025 1705 Wnr.
