2828 4920
43 219 131 277 Cur.
148 217 230 292 XX]
508 226 561 281 DE
584 227 724 286 POENIS.

238 388 311 456 zQui
326 408 392 447 cum
406 393 443 448 sit
458 395 577 467 opulens
592 399 724 468 nequiter
738 400 889 472 quicquam
904 400 981 467 facit,

239 479 332 545 Hune,
347 481 370 535 si
385 488 460 537 esset
474 500 592 555 pauper,
606 485 675 556 quid
690 501 748 540 non
764 486 908 542 facturum
922 487 1023 561 putas?

52 580 105 645 Et
123 601 194 666 quae
211 577 244 643 in
259 601 367 644 sonum
385 602 509 647 amores
525 581 640 669 passim
657 582 690 648 in
707 585 866 650 comoediis
883 585 1026 674 legimus
1062 586 1113 651 Ex
1129 583 1179 651 his

54 678 162 766 igitur
178 678 279 744 causis
296 690 354 746 test
341 679 514 748 timendum
531 682 625 749 merit
627 706 677 748 um
698 682 783 778 intra
800 684 884 774 quod
899 708 995 774 poena
1010 685 1179 792 consistere

55 779 186 846 debeat.

139 880 282 949 XXXII
324 883 343 945 1
381 882 565 950 Tenendum
584 892 690 951 autem
708 887 856 974 estquod
873 884 1080 976 Pythagorici
1097 886 1179 954 dice·

55 981 149 1058 bant,
159 981 314 1068 justitiam
329 1004 397 1048 esse
413 980 475 1052 ”ad
492 981 743 1063 ἁντιπεπονθδς,
756 986 789 1053 id
807 996 868 1065 est,
880 1009 990 1074 parem
1002 986 1178 1074 passionem

55 1081 95 1147 in
111 1082 219 1170 pranis,
237 1082 271 1149 id
288 1105 352 1148 non
369 1085 416 1151 ita
438 1083 536 1172 accipi
560 1086 677 1152 debere
694 1087 784 1174 quasi
801 1087 854 1174 qui
870 1085 963 1152 alteri
980 1085 1085 1152 nocuit
1101 1087 1178 1157 deli·

56 1183 173 1249 berato
199 1192 232 1250 et
257 1183 325 1250 siue
350 1184 450 1251 causis
475 1185 597 1272 culpam
622 1187 715 1253 valde
739 1186 960 1265 minuentibus,
991 1186 1178 1254 tantundem

56 1285 239 1350 nocumenti
257 1307 315 1350 nec
329 1285 463 1373 amplius
479 1285 565 1351 ferre
578 1285 701 1352 debeat.
737 1289 775 1353 Id
792 1287 875 1353 enim
889 1309 952 1353 non
968 1287 1013 1355 ita
1028 1309 1096 1353 esse
1108 1286 1177 1376 ipsa

56 1383 124 1461 lex,
143 1407 213 1471 quae
227 1385 333 1474 legum
350 1385 488 1451 omnium
501 1386 759 1473 perfectissimum
774 1389 934 1476 exemplar
952 1397 1010 1468 est,
1028 1388 1175 1467 ostendit,
1188 1399 1315 1444 manu
1326 1401 1345 1440 ¹·

57 1506 132 1549 cum
153 1487 240 1551 furta
263 1486 439 1574 quadruplo
461 1495 518 1552 aut
540 1485 704 1575 quintuplo
723 1489 790 1554 vult
812 1487 863 1554 lui.
911 1489 955 1554 Et
976 1489 1048 1577 lege
1070 1487 1178 1555 Attica

56 1584 123 1663 fur,
142 1578 247 1652 bultra
263 1586 351 1672 dupli
368 1587 666 1666 condemnationem,
685 1610 744 1675 per
761 1588 828 1654 dies
846 1587 966 1675 aliquot
982 1590 1105 1655 vinctus
1121 1589 1178 1655 ha·

57 1686 205 1763 bebatur,
232 1694 268 1752 ut
290 1687 519 1753 Demosthenes
541 1686 574 1753 in
598 1687 808 1755 Timocratem
828 1711 886 1754 nos
910 1688 1012 1756 docet.
1063 1690 1177 1776 Lepos,
1190 1704 1313 1754 rue-⁴7⁶⁶.
1376 1696 1379 1701 ’

58 1785 163 1873 inquit
185 1786 378 1864 Ambrosius,
405 1810 446 1855 ea
463 1811 535 1876 quoe
555 1790 708 1855 detracta
728 1803 804 1856 caat
826 1791 932 1854 alicui
954 1812 1029 1856 crem
1049 1789 1179 1874 injuria
1193 1808 1333 1861 vtem?

55 1910 208 1978 persona
224 1899 285 1953 eat
301 1891 353 1954 rei
368 1891 479 1975 ipsias
495 1890 624 1955 οαινιιιὼ
645 1892 777 1955 restitui
793 1892 969 1977 ιἰηροταιιι,
987 1912 1050 1976 qao
1061 1891 1179 1975 fierem

60 2010 86 2053 a
112 1990 313 2055 detrahendo
338 2000 398 2054 eat
419 2012 522 2076 poena
551 1991 747 2072 deterreant,
775 2001 835 2054 aut
822 1991 988 2055 tmalcta
1021 2001 1177 2056 revereat.

61 2088 220 2155 Aristldes
229 2091 410 2156 Leuctrica
426 2088 583 2155 secunda:
607 2117 678 2162 τοις
700 2085 735 2156 ἓν
755 2083 976 2180 δικαστηρίοις
998 2071 1178 2178 ἐπεξιοῦσι,
1191 2111 1287 2198 τῶν-α
1279 2119 1317 2160 ιν
1410 2099 1412 2103 ’

61 2191 136 2262 τοῖς
152 2183 330 2272 adstrictior
345 2184 517 2284 μεέζονα
496 2221 516 2271 η
534 2181 642 2257 καθ’“
621 2219 644 2256 α
662 2184 851 2258 πεπόνθασι
869 2181 902 2257 δε
895 2182 999 2258 dorae
1018 2187 1094 2283 περὶ
1112 2192 1180 2259 τῶν

62 2286 168 2368 νόμον
191 2291 234 2364 εἰς
251 2291 408 2384 τιμωρίας
434 2285 554 2381 λόγον·
581 2291 634 2356 leis
651 2312 709 2373 quc
702 2292 853 2375 judicio
874 2291 993 2355 illatas
1012 2291 1110 2356 siti
1094 2290 1180 2375 caja-

61 2393 137 2458 νὶαο
160 2403 413 2478 peraequantur,
441 2392 573 2476 arayhra
607 2391 689 2476 tepea
712 2392 912 2477 permittant
933 2411 1000 2476 ρνο
1030 2390 1181 2457 ceadicta

60 2567 223 2630 quemfecit]
252 2567 438 2630 Chrysostomus
462 2567 492 2615 de
506 2568 597 2616 Praei·
692 2574 703 2601 ¹
723 2566 759 2614 Τό
777 2565 976 2628 ἀντιπεπονθὸς]
1001 2565 1181 2615 remitae

60 2643 190 2690 dentiam.
208 2640 596 2704 [Immov.pog.878.'1¹oar.r1.]
646 2637 838 2698 Harraeaopulo.
868 2638 993 2699 (Prompt.
1007 2637 1061 2686 La.
1069 2651 1089 2686 1.
1099 2637 1179 2687 Tim.

59 2717 132 2765 «ten
148 2718 211 2765 ὅταν
225 2717 279 2778 ἴδῃς
293 2718 341 2764 τὸν
360 2718 526 2764 πλουτοῦντα
545 2717 597 2764 dds·
647 2713 726 2775 534.)

60 2795 166 2852 uariare,
191 2791 409 2849 πλεονεκτοῦντα,
437 2789 596 2852 ὁρτάζοντα,
655 2800 657 2803 “
695 2788 796 2837 ιἸῘΙίνίῑ
810 2787 880 2848 dupli
894 2788 1117 2850 condemnationem]
1133 2789 1180 2836 Al·

60 2869 103 2917 δαί
123 2869 203 2916 τοῦτο
222 2868 339 2929 μάλιστα
363 2867 442 2914 αὐτὸν
462 2867 596 2930 στέναξον,
645 2865 767 2914 ludithuc
782 2864 850 2910 locus
865 2865 1053 2925 Apocxriiid.
1077 2864 1182 2912 Reddita

58 2944 301 2993 ἕπειδιὶνπλοῦσιοι
312 2942 440 2990 damaim
449 2948 527 2990 ποιεῖ.
541 2944 596 3003 pet·
646 2941 754 3001 duplum·
785 2940 1017 3002 Heroidesltlinyss,
1030 2940 1072 3001 qul
1088 2940 1181 2989 arhe-

58 3021 121 3082 ζονιι
138 3019 190 3080 γάρ
206 3019 292 3065 δίδωσι
309 3018 442 3078 τιμωρίαν·
463 3033 540 3080 quare
555 3020 597 3067 ati
646 3018 716 3064 banis
736 3016 788 3062 sine
804 3016 861 3077 jura
880 3017 999 3064 tributum
1020 3022 1181 3076 extorserant,

57 3098 159 3146 divitem
168 3095 259 3142 videris
268 3095 387 3152 injustam,
401 3110 508 3153 ανανννι,
520 3111 596 3157 rapa-
647 3093 749 3153 duplum
760 3092 842 3152 coegit
847 3091 899 3151 ejus
907 3092 992 3139 tributi
999 3093 1106 3153 pendere
1114 3092 1181 3141 'l'hs-

56 3187 117 3230 cern,
128 3173 174 3218 hoc
184 3170 449 3232 maqrseummaerare
459 3170 597 3231 quadratio
646 3169 724 3216 bana
754 3168 922 3229 Apollodorus
941 3167 996 3217 Lib.
1020 3181 1051 3214 u.
1072 3167 1140 3229 (cap.
1156 3168 1181 3216 ³·

56 3248 230 3308 diversariet.
264 3247 300 3294 Ob
316 3245 343 3292 id
358 3247 435 3306 ι’ρινινι
449 3247 511 3293 enim
520 3247 595 3308 puni·
647 3245 725 3308 511.)

53 3324 233 3385 etarpravtus.

54 3560 190 3636 phanes3
207 3558 264 3614 and
279 3557 327 3614 old
343 3575 409 3614 men
424 3560 454 3614 in
472 3559 544 3624 lore,
562 3561 591 3615 in
606 3559 757 3616 comedies.
802 3556 867 3612 And
883 3555 923 3630 by
934 3553 1015 3611 these
1026 3554 1179 3629 principles

55 3665 107 3702 we
126 3653 202 3703 must
220 3647 352 3703 estimate
372 3644 422 3702 the
437 3645 559 3719 limiting
580 3653 698 3702 amount
717 3646 751 3702 of
765 3643 950 3720 punishment
975 3642 1127 3716 according
1147 3648 1179 3699 to

55 3735 249 3878 deseXXXII.
296 3825 311 3875 1
341 3820 395 3876 Wo
413 3825 489 3874 must
508 3820 622 3875 remark
639 3819 702 3874 that
716 3818 766 3875 the
781 3818 910 3873 doctrine
925 3816 959 3871 of
971 3815 1020 3870 the
1035 3813 1178 3887 Pythago-

56 3925 157 3975 reans,
168 3907 760 3986 thaQQcQQmeiorr,
770 3907 793 3961 is
808 3910 859 3961 not
871 3911 901 3960 to
912 3903 949 3958 ba
961 3919 992 3957 so
1005 3900 1179 3956 understood

58 4013 95 4052 aa
107 3995 135 4048 if
146 3995 183 4049 he
198 3995 260 4050 who
275 3994 327 4049 has
342 3993 526 4064 deliberately
542 3993 599 4046 and
618 3993 737 4047 without
749 3992 934 4061 extenuating
948 4004 1055 4052 causes,
1066 3986 1179 4058 injured

59 4081 195 4147 another,
209 4081 311 4136 should
333 4080 450 4134 himself
461 4081 570 4134 receive
588 4095 619 4134 so
634 4079 720 4135 much
739 4079 829 4144 barm,
847 4077 904 4132 aad
916 4093 954 4131 no
968 4090 1056 4129 more.
1104 4073 1180 4130 That

59 4170 123 4225 this
143 4169 168 4224 is
182 4175 234 4224 not
249 4183 294 4232 so,
316 4167 366 4221 the
384 4166 507 4221 llcbrew
526 4166 580 4220 law
598 4165 696 4230 shews,
713 4166 796 4221 when
818 4165 841 4219 it
856 4164 960 4218 directe
978 4160 1066 4216 thcfts
1087 4164 1118 4215 to
1141 4158 1179 4216 be

59 4254 207 4330 punished
221 4255 260 4327 by
274 4254 372 4309 forfeit
392 4259 423 4307 to
441 4252 507 4307 four
525 4269 558 4308 or
572 4252 627 4306 tire
642 4253 725 4306 timos
740 4251 790 4307 tho
805 4255 932 4306 amount.
978 4248 1023 4320 135
1036 4244 1086 4302 tho
1101 4244 1179 4304 Attia

60 4345 142 4408 Lau,
163 4341 212 4398 tho
230 4341 312 4405 thief,
328 4339 438 4396 besides
453 4357 471 4395 a
485 4339 543 4394 fine
558 4339 592 4394 of
602 4338 652 4393 tho
667 4338 781 4406 double,
795 4353 852 4392 was
866 4337 937 4410 kept
950 4334 981 4390 in
995 4332 1086 4390 bonds
1100 4348 1180 4391 some

62 4430 144 4502 daps.
192 4429 231 4484 So
246 4427 393 4493 Ambrosc,
410 4427 556 4492 Aristides,
572 4427 689 4482 Seneca.
