2828 4920
228 181 250 246 2
560 189 724 257 QUANDO
747 190 911 246 usnemu
932 191 1009 246 vei.
1212 187 1286 258 [Lm.
1301 191 1340 246 11.

228 354 399 425 voluntatis
424 353 659 447 significatione,
677 355 762 422 nullo
779 355 1010 445 consanguineo
1031 356 1150 435 relicto,
1175 356 1339 434 moriatur,

228 478 320 523 omne
348 454 402 545 jus
430 456 515 544 quod
548 455 646 523 habet
677 456 796 536 interit,
831 477 868 522 ac
898 456 1031 543 proinde
1065 457 1151 524 servi
1184 457 1256 543 (nisi
1287 457 1340 522 lex

228 557 368 624 humana
391 556 554 646 impediat)
581 566 676 624 erunt
703 555 817 624 liberi:
840 556 947 644 populi
973 557 1028 645 qui
1057 557 1091 624 in
1117 559 1236 626 ditione
1270 556 1339 644 ejus

228 656 356 725 inerant
371 656 514 745 suijuris
536 655 631 734 fient3
658 655 733 744 quia
754 678 817 722 non
836 665 911 723 sunt
927 655 995 722 hae
1012 656 1061 724 sni
1078 667 1192 726 natura
1207 678 1339 745 occupa-

228 756 322 825 bilia:
348 757 408 824 nisi
432 758 612 824 libertatem
634 778 724 823 suam
745 756 830 823 ultro
853 757 1021 824 deserant:
1052 779 1105 825 res
1132 768 1237 826 autern
1266 758 1338 824 aliae

229 855 307 925 fient
323 857 511 944 occupantis.

306 958 351 1025 11.
389 957 481 1024 Idem
497 955 664 1023 dicendum
680 954 727 1023 ⁸si
743 953 861 1024 familia
880 953 1040 1035 deiecerit,
1058 980 1130 1046 quae
1142 959 1196 1047 jus
1211 955 1340 1046 aliquod

229 1054 378 1124 habebat.
903 1111 906 1119 ,
1283 1071 1288 1081 ·

307 1157 368 1223 111.
407 1159 427 1223 1
459 1155 560 1233 Idem,
578 1155 606 1221 si
625 1154 768 1244 populus.
823 1155 914 1224 Dixit
931 1158 1094 1234 Isocrates,
1118 1164 1151 1223 et
1176 1165 1248 1245 post
1267 1177 1340 1222 eum
1385 1196 1392 1228 2

126 1247 133 1261 ’
229 1255 401 1323 'Julianus
427 1254 609 1344 imperator,
637 1255 781 1322 civitates
806 1278 875 1323 esse
906 1255 1108 1335 immortales,
1135 1255 1168 1322 id
1192 1265 1251 1332 est,
1272 1276 1340 1321 esse

65 1371 218 1468 ’ἁγὼ
229 1376 330 1445 posse,
353 1354 427 1444 quia
449 1355 567 1423 scilicet
583 1354 717 1445 populus
740 1363 789 1422 est
805 1377 846 1423 ex
862 1378 900 1424 eo
918 1378 1082 1446 corporum
1100 1377 1229 1447 genere,
1255 1351 1341 1442 quod

64 1464 157 1506 “vm
275 1515 445 1580 ’Sisenilio
469 1514 592 1578 dejecerit*
620 1514 654 1562 ut
669 1514 764 1561 Danics
813 1512 1343 1580 cstcomsBerenicesrwapsrviprrcciiiio-

230 1592 288 1640 ollm
310 1591 408 1640 Crania
433 1589 508 1638 Vand.
530 1602 589 1638 vni.
608 1592 647 1637 22.
672 1589 762 1649 Regis.
814 1607 863 1638 νων
876 1591 890 1637 ὁ
905 1591 1084 1649 μαθηματικὸς,
1099 1590 1206 1651 ccipere
1220 1591 1344 1650 λέγεσθαι

231 1667 361 1716 crantzius
376 1666 440 1727 istem
459 1664 537 1712 l'ourl.
551 1677 611 1712 vrrs.
626 1667 663 1711 12.
680 1664 763 1709 Pelas·

229 1755 318 1804 gerum
328 1745 354 1789 et
364 1741 544 1788 Thessalorum.
570 1740 693 1799 Gregorns
707 1737 760 1785 Lib.

232 1829 280 1865 vir.
291 1817 385 1877 (infin.
396 1815 574 1878 png.127.Ed.
585 1813 668 1862 Coton.
680 1813 761 1870 1616).

231 1891 486 1940 Usnmcassanidnrnnn
496 1891 521 1936 in
532 1890 631 1937 Perside
644 1889 762 1936 Leuncln·

228 1967 283 2014 vius
292 1979 349 2014 xvv.
376 1966 448 2014 Adde
462 1966 568 2013 Leonem
578 1965 631 2014 Lih
642 1967 679 2012 11.
695 1964 763 2010 Afri·

228 2055 345 2090 eanornnr
356 2041 427 2104 (pag.
433 2041 487 2090 136.
493 2041 543 2088 Ed.
551 2040 668 2099 Eiseoir.)
675 2039 704 2086 dc
714 2039 763 2085 Tc.

230 2117 351 2165 rodanim
368 2117 421 2165 etsi
430 2117 474 2174 vis,
485 2117 615 2164 Ernestum
627 2115 762 2162 Cothrnan·

230 2206 289 2241 unm
305 2207 370 2240 cons.
386 2193 429 2239 xli.
446 2207 513 2240 nunu.
525 2195 547 2238 1.
562 2196 587 2239 ct
597 2192 762 2251 sequentibus.

275 2268 287 2299 ¹
300 2270 380 2317 Locus
390 2273 428 2317 est
436 2269 462 2316 in
471 2268 584 2332 Epistola
589 2283 638 2328 pro
645 2267 760 2328 Argivis:

232 2344 283 2392 'l'cr's
299 2345 390 2392 πόλιος
410 2346 436 2391 ti
461 2343 600 2391 ἀθανάτους
620 2343 696 2390 ciens
714 2347 761 2389 ete.

231 2420 293 2482 Peg.
305 2422 385 2466 sila.
398 2418 550 2478 saepest
581 2417 652 2465 Ml.

276 2495 346 2543 *Es
366 2492 520 2555 distantibus]
549 2494 641 2540 Seneca
660 2492 764 2553 epistola

233 2584 282 2621 orn.
297 2570 407 2633 qaedam
422 2570 533 2617 continua
547 2583 597 2615 esse
611 2582 722 2628 corpora,
736 2573 763 2613 at

232 2647 366 2694 hominem.-
389 2644 498 2706 quedam
516 2644 654 2704 composita,
672 2648 699 2688 at
717 2656 763 2688 aa·

232 2737 291 2781 ocos,
313 2721 414 2778 domum
439 2719 519 2766 omnin
544 2719 643 2780 denique
663 2732 764 2779 quorum

228 2802 316 2860 peries
331 2797 429 2843 diccrsc
439 2793 557 2853 junctura
574 2795 600 2840 in
619 2807 691 2839 anum
709 2798 764 2840 eunt

814 1664 864 1727 ὅσῃ
875 1665 924 1712 ὑπὸ
932 1667 990 1724 μιᾶς
1000 1667 1074 1727 ἕξεως
1081 1667 1192 1726 η’νωμὲνο
1200 1671 1343 1726 κρατεῖται,

813 1741 868 1788 οἷον
877 1741 954 1801 titos,
966 1742 1051 1802 ξύλον.
1067 1742 1124 1789 ἔστι
1138 1744 1163 1790 δὲ
1176 1743 1228 1804 ἕξις
1242 1743 1342 1800 πνεῦμα

814 1816 930 1874 canoros
942 1818 1094 1866 συνεκτικόν.
1106 1811 1247 1878 συοημμένο
1258 1818 1283 1864 δὲ
1294 1819 1344 1863 ὅσα

814 1894 862 1953 οὐχ
874 1893 924 1939 ὑπὸ
933 1894 992 1954 μιᾶς
1001 1893 1075 1954 ἓξοωο
1088 1893 1194 1950 δέδοται,
1205 1892 1237 1940 als
1250 1894 1344 1939 πλοῖον

814 1968 856 2016 καὶ
867 1967 942 2015 cteta.
956 1969 990 2016 τὸ
1000 1969 1046 2027 μὲν
1059 1968 1145 2028 γᾰρέκ
1155 1967 1262 2015 πολλῶν
1271 1969 1343 2015 onvi-

815 2045 869 2101 οων,
879 2043 893 2099 ri
907 2045 933 2091 il
949 2045 977 2091 irc
993 2043 1100 2091 πολλῶν
1114 2044 1192 2090 λίθων
1201 2045 1345 2105 σύγκειται,

814 2120 940 2166 διεστῶτα
956 2120 991 2176 ii,
1007 2119 1039 2166 ais
1055 2119 1138 2181 χορός.
1151 2120 1206 2166 τοῖν
1219 2121 1245 2166 δὲ
1259 2123 1345 2166 τοιού-

814 2210 868 2240 των
878 2192 966 2240 διτταὶ
982 2192 1008 2240 ai
1024 2193 1155 2252 διαφοραί.
1175 2193 1211 2240 τοὶ
1227 2194 1272 2252 μὲν
1291 2193 1343 2255 ’γάρ

814 2268 844 2330 if
866 2267 1009 2329 ὁρισμᾶνιον
1033 2267 1159 2328 σωμάτων
1180 2267 1223 2314 καὶ
1246 2266 1345 2328 apione

815 2344 930 2400 ληπτῶν,
945 2342 976 2390 a'e
986 2341 1071 2404 χορός.
1088 2343 1123 2390 w·
1132 2343 1158 2390 ii
1169 2342 1199 2403 ἐξ
1208 2343 1345 2403 ἀορίστων,

807 2417 847 2466 ''se‘e
873 2418 965 2480 ὄχλος·
1001 2417 1141 2464 observavit
1167 2419 1346 2466 mathematicae

818 2492 909 2545 Conon,
930 2505 1033 2551 corporo
1052 2491 1102 2538 dici
1121 2505 1175 2552 quoe
1194 2507 1241 2538 uno
1267 2499 1346 2540 terrore

814 2580 886 2614 anam
898 2567 975 2626 fiunt.
1005 2565 1052 2613 Eat
1067 2573 1144 2613 autem
1162 2573 1230 2614 tenor
1244 2569 1346 2628 spiritus

814 2655 902 2702 corpus
919 2641 1046 2689 confirm.
1078 2642 1191 2690 Conoece
1210 2658 1273 2700 acro,
1293 2657 1347 2704 quoe

815 2731 862 2763 non
871 2730 917 2762 ano
933 2721 1012 2763 tenore
1022 2715 1109 2774 juncta
1121 2722 1182 2772 cunt,
1194 2721 1221 2764 at
1232 2719 1309 2774 οοοίο,
1319 2724 1346 2764 ut

816 2795 899 2840 domus
908 2809 916 2840 .·
932 2808 988 2839 nam
998 2799 1021 2840 ct
1028 2794 1073 2840 illa
1080 2809 1110 2840 ca
1119 2795 1240 2841 multisunt
1249 2796 1346 2855 tabulis,

233 2877 338 2921 coaeter
361 2871 470 2932 quem
488 2884 518 2916 ca
538 2869 688 2925 distantibus,
705 2883 764 2930 quo·
816 2875 838 2917 et
848 2871 896 2918 hcc
905 2883 935 2916 cc
945 2869 1068 2930 lapidibus
1079 2869 1178 2916 multis:
1190 2870 1308 2918 dhtantia
1320 2875 1347 2917 at

229 2957 288 2996 ‘not
298 2947 379 2994 adhuc
393 2946 496 2994 membra
507 2950 623 3006 separata
637 2950 699 3004 sant,
710 2950 764 2992 tun·
817 2946 921 2992 chorus:
936 2945 979 2992 sed
988 2951 1010 2991 ct
1020 2946 1071 2992 haec
1082 2944 1154 2991 duum
1165 2959 1274 3005 qencmm
1285 2945 1348 2992 inter

234 3024 439 3086 qumercrcitua
447 3021 671 3082 populus‚senatus.
692 3021 765 3068 Sum·
816 3019 1016 3082 scdffl'ercntium.
1047 3019 1108 3066 Sunt
1117 3021 1178 3066 enim
1187 3021 1241 3066 olio
1249 3034 1279 3066 es·
1293 3034 1348 3066 cor-

234 3104 262 3146 ta
271 3099 323 3145 haeo
333 3112 364 3145 ex
374 3097 470 3144 Achille
479 3095 559 3151 Tatio,
572 3096 641 3156 cujus
656 3096 687 3141 ad
702 3097 766 3142 Ara·
814 3097 916 3158 poribus
925 3096 1029 3156 definitis
1038 3102 1060 3142 ct
1068 3111 1118 3157 φοι
1131 3110 1251 3142 narremur
1264 3095 1350 3142 habent

235 3180 289 3224 tum
309 3176 361 3222 heco
380 3180 438 3221 sunt
458 3175 539 3230 verba,
562 3173 624 3233 (cap.
645 3172 694 3220 xiv.
713 3172 764 3221 Ea
818 3171 1023 3233 coenitufucilcnv,
1038 3172 1176 3218 alcherus.-
1193 3172 1350 3233 eliacainfl.

236 3250 334 3311 Petne.)
343 3264 373 3296 ex
385 3249 486 3297 Conone
499 3248 550 3304 illo,
560 3247 628 3308 qu'ns
643 3253 766 3309 repertum
818 3246 885 3301 aitis,
896 3252 923 3293 at
928 3247 1041 3308 popalus.
1073 3249 1186 3308 Apparet
1199 3247 1256 3294 hinc
1269 3253 1350 3295 sumta

235 3431 404 3488 Wherefore
419 3430 445 3486 11
456 3447 512 3502 any
523 3447 627 3502 person
638 3432 685 3486 die
698 3431 818 3487 without
829 3431 925 3504 giving
939 3447 995 3503 any
1007 3429 1161 3485 indication
1181 3429 1215 3483 oi
1225 3427 1269 3482 his
1284 3427 1350 3492 will,

235 3519 295 3576 and
314 3518 433 3573 without
447 3518 559 3588 leaving
573 3535 629 3590 any
644 3519 769 3580 relative,
789 3535 874 3589 every
891 3518 967 3589 right
986 3516 1078 3571 which
1092 3515 1128 3571 he
1144 3515 1201 3569 had
1215 3513 1350 3586 perishes‚

236 3605 295 3660 and
311 3603 456 3660 therefore
470 3602 513 3656 his
530 3603 618 3658 slaves
637 3601 750 3676 (except
765 3621 844 3659 some
863 3604 971 3657 human
988 3604 1042 3656 law
1055 3608 1175 3674 prevent
1189 3600 1225 3666 it)
1241 3600 1297 3655 will
1311 3600 1349 3654 be

236 3692 298 3747 free
306 3711 315 3758 ;
332 3690 382 3747 the
393 3689 510 3763 peoples
525 3688 587 3744 who
599 3689 656 3744 had
672 3691 745 3746 bcen
760 3691 851 3745 under
864 3689 908 3743 his
923 3688 1067 3759 authority
1079 3687 1136 3740 will
1149 3686 1186 3742 bo
1200 3686 1274 3742 their
1286 3702 1350 3740 oon

237 3783 366 3843 masters,
376 3777 497 3832 because
511 3776 592 3832 these
604 3776 699 3848 things
713 3774 815 3844 (slaves
826 3777 883 3831 and
897 3771 1110 3848 governments)
1125 3789 1174 3828 ere
1189 3780 1240 3827 not
1254 3771 1350 3842 things

237 3862 329 3919 which
347 3879 401 3918 can
414 3863 452 3919 be
473 3863 560 3918 taken
578 3863 785 3934 possessiones
803 3862 841 3935 hy
855 3862 905 3918 the
922 3863 984 3917 first
999 3877 1112 3926 comor;
1134 3860 1186 3915 hut
1204 3858 1248 3914 his
1266 3857 1351 3914 other

238 3954 374 4025 property
385 3967 451 4022 may
462 3949 499 4004 be
511 3966 542 4005 so
555 3951 687 4020 occupied.

295 4036 335 4091 11.
381 4036 443 4090 The
457 4052 535 4090 same
548 4035 641 4091 which
654 4053 697 4091 we
711 4034 783 4092 have
798 4035 860 4091 said
874 4033 908 4090 ο1
919 4051 937 4088 a
958 4051 1062 4107 person
1079 4050 1145 4105 may
1159 4032 1196 4088 bo
1209 4031 1271 4088 said
1285 4029 1320 4086 oi
1333 4047 1351 4087 a

237 4122 349 4194 Family
362 4121 454 4176 which
467 4122 540 4186 faiis,
554 4122 611 4176 and
622 4122 715 4178 which
727 4123 784 4177 had
796 4139 852 4194 any
863 4121 962 4193 rights.

295 4207 350 4262 III.
374 4213 389 4261 1
414 4208 476 4262 'l’hc
493 4225 580 4274 samo,
598 4209 624 4262 if
641 4226 658 4262 a
673 4209 781 4281 People
798 4209 871 4263 faiis.
905 4209 1053 4273 Isocrates,
1068 4207 1125 4262 and
1140 4205 1214 4260 after
1225 4204 1285 4258 him
1300 4203 1351 4259 the

141 4336 146 4344 .
237 4295 377 4366 Emperor
390 4294 489 4349 Julian
499 4295 568 4359 said,
583 4295 647 4350 that
662 4303 748 4350 states
764 4311 812 4350 are
827 4295 982 4360 immortah
998 4294 1061 4349 that
1076 4295 1108 4359 is,
1123 4293 1186 4348 that
1201 4291 1270 4363 thoy
1285 4309 1351 4363 moy

213 4432 216 4438 .
235 4379 331 4447 besor
347 4380 468 4437 because
479 4397 497 4437 a
508 4382 616 4455 People
631 4383 655 4437 is
666 4381 729 4438 that
742 4382 814 4437 kind
823 4381 856 4438 of
865 4381 941 4456 body
949 4381 1040 4438 which
1052 4380 1169 4436 consiste
1179 4378 1212 4433 of
1220 4386 1350 4451 separato
