2828 4920
234 224 300 292 446
421 234 475 292 ΒΕ
497 232 634 291 ciuem
656 233 789 292 tusus
811 233 1166 300 mensunusum
1231 231 1306 304 [Lm.
1315 237 1349 291 11.

231 404 341 492 tequio
354 425 419 470 esse
433 425 491 470 nos
505 415 660 490 oportere,
677 405 853 470 seccsndum
868 403 1020 490 Apostoli
1025 415 1247 489 proeceptum,
1264 405 1346 470 ‘sui

232 505 321 570 ditos
340 504 601 588 rerequirendus,
618 505 842 590 principibus.
866 516 896 569 et
908 502 1153 589 potestatibus:
1179 504 1241 568 scd
1259 507 1341 569 intro

233 603 354 669 limites
369 603 564 689 disciplina.
597 603 635 668 ln
653 602 880 692 martyrologio
898 601 1045 669 Silvanus
1061 609 1212 689 martyr:
1230 603 1339 669 iccirco

231 703 403 770 Romanus
419 703 499 789 depes
511 706 742 770 contemnimus
755 716 792 770 ut
801 703 899 788 jusso
912 704 1031 770 diuina
1047 723 1221 769 sumemus.
1248 703 1333 791 Apud

160 838 167 853 ·
232 800 415 891 Euripidem
430 802 546 870 dicenti
564 802 714 870 Creonti:

449 923 553 980 Nonne
568 924 669 996 exequi
683 924 819 981 mnndmn
833 924 877 980 ins
891 924 990 1010 iprum·
994 922 1100 996 jubet?

230 1020 415 1111 Respondet
431 1023 611 1114 Antigone:

447 1144 515 1201 Non
529 1144 670 1219 isuperntu
680 1146 746 1217 jure
762 1162 815 1202 nec
826 1145 874 1218 jus
889 1146 1012 1219 exsequi

64 1247 215 1345 mm
229 1235 390 1305 Musonius
410 1237 456 1305 itn
476 1239 542 1307 nit:
567 1242 599 1308 si
619 1243 694 1327 quis
719 1254 779 1307 ont
801 1245 908 1327 putri,
929 1235 1006 1308 ‘out
1027 1241 1254 1327 mupistrutui,
1273 1251 1319 1304 out

63 1341 182 1383 ’m‘
228 1340 359 1406 domino
376 1341 491 1427 turpio
505 1353 566 1406 out
582 1342 811 1427 iniquusectu
828 1344 1008 1428 imperanti
1023 1365 1089 1408 non
1102 1342 1257 1428 paretis
1275 1362 1318 1406 nec

64 1560 171 1608 ttulit.

228 1439 414 1506 inobediens
430 1452 486 1517 est,
503 1462 561 1506 nee
577 1441 738 1525 injuriam
744 1444 848 1525 fucit,
866 1464 924 1509 nec
935 1454 1064 1529 peccat.

305 1540 326 1603 2
362 1538 481 1605 Gellius
501 1548 599 1628 negat
615 1540 746 1628 probem
763 1562 831 1606 esse
845 1542 1041 1617 sententiam,
1064 1540 1169 1606 omnia
1185 1561 1251 1606 esse
1265 1561 1321 1626 qna

227 1645 320 1725 peter
330 1637 461 1725 jusserit
476 1639 659 1726 parendum.
710 1643 799 1716 Quid
815 1645 913 1716 enine,
931 1641 986 1718 ait,
1000 1644 1032 1708 si
1042 1644 1261 1728 proditionem
1270 1663 1323 1727 pe

229 1739 313 1816 trice,
330 1741 363 1805 si
378 1741 499 1805 matris
515 1761 630 1817 necem,
646 1742 677 1807 si
694 1742 767 1805 olio
784 1744 934 1827 quadani
952 1744 1129 1828 imperarit
1147 1744 1261 1827 turpia
1276 1753 1326 1806 ant
1373 1822 1375 1835 Ι

228 1838 368 1926 impin!
394 1839 514 1905 Medio
530 1841 636 1925 ipitur
652 1843 812 1907 sententio
824 1844 950 1928 optima
967 1855 1068 1928 utque
1086 1844 1253 1908 tutissima
1266 1844 1329 1907 oisc

227 1950 284 2016 est,
317 1939 469 2026 quoedm
501 1961 567 2007 esse
587 1943 786 2026 parendum,
818 1943 969 2024 quiedam
996 1964 1061 2007 non
1095 1943 1330 2024 obsequendum.

163 2075 169 2087 ·
226 2037 368 2104 ‘Seneca
383 2046 494 2126 pater:
522 2061 586 2105 non
603 2042 751 2106 omnibus
766 2042 916 2126 imperiis
924 2043 1115 2127 parendum
1129 2054 1187 2108 est.
1221 2034 1333 2120 hQuin·

225 2136 369 2205 tilinnns:
396 2160 461 2204 non
486 2141 598 2205 omniu
624 2162 747 2206 necesse
773 2152 820 2206 est
835 2143 954 2225 facere
979 2141 1102 2216 liberes,
1129 2164 1334 2228 quencumque

221 2250 339 2328 patres
361 2240 534 2324 imperant.
585 2241 702 2304 Multa
725 2251 802 2304 snm
827 2262 898 2323 quoe
913 2242 996 2328 fleri
1016 2262 1081 2306 non
1100 2255 1255 2326 possunt.
1302 2245 1337 2309 Si

224 2341 361 2425 imperes
376 2340 451 2422 filio
469 2347 508 2403 ut
524 2341 716 2404 sententiam
731 2341 825 2405 dicut
848 2352 964 2405 contra
987 2361 1084 2423 queam
1101 2343 1288 2408 ecistinset:
1311 2345 1339 2408 si

226 2440 444 2506 testimonium
451 2439 570 2523 judeae
586 2440 654 2503 dici
670 2440 738 2524 ejus
750 2440 801 2505 rei
812 2461 912 2523 qnam
929 2441 1079 2525 iqnocet:
1096 2442 1129 2505 si
1145 2445 1341 2508 sententiam

223 2616 299 2659 me,
312 2599 382 2655 πλὴν
391 2599 440 2648 ὅσα
451 2602 486 2650 ele
498 2599 592 2660 ripariis
605 2617 636 2648 τι
649 2598 691 2648 erni
704 2618 755 2648 uu·
804 2600 828 2659 9,
835 2600 891 2648 ndu.
901 2598 938 2662 5.]

223 2676 314 2737 ruptus
322 2675 452 2736 διαφέρειν
462 2676 602 2736 nouimus·
613 2677 638 2722 in
649 2675 755 2722 omnibns
850 2675 859 2711 ¹
870 2677 920 2724 Aut
929 2677 1092 2739 munientes]
1106 2679 1136 2726 ln
1147 2681 1255 2741 paganis
1265 2682 1342 2730 hemi·

223 2752 387 2814 eimparetit,
396 2766 469 2813 neque
477 2765 504 2798 co
515 2752 589 2798 inuito
595 2751 676 2812 societ
686 2752 753 2812 quic·
804 2751 876 2799 nr’bns
891 2753 939 2799 dno
953 2758 1011 2799 snut
1025 2754 1116 2800 nobilia
1126 2756 1243 2816 exemplu
1259 2772 1341 2804 enm

223 2842 303 2890 quun,
316 2833 386 2877 uun
396 2841 450 2889 quse
459 2827 537 2874 creda
548 2826 584 2873 nd
592 2827 700 2874 cirinum
711 2840 754 2874 ra-
804 2828 847 2889 qnl
866 2829 1015 2889 principibus
1034 2829 1065 2875 nd
1081 2829 1212 2878 inhenesta
1232 2833 1342 2880 obsecuti

224 2904 339 2968 numme
352 2910 489 2952 momentum
503 2904 598 2952 iniere.
627 2903 754 2962 (Suomat.
804 2916 853 2951 non
863 2909 929 2959 sunt,
941 2904 1066 2965 Papiniani
1075 2905 1135 2951 sutis
1144 2907 1309 2966 celebratum,
1318 2915 1342 2956 et

223 2979 322 3029 Libat.
333 2993 387 3040 cup.
395 2979 430 3028 19.
442 2993 498 3040 pag.
507 2978 559 3026 620.
575 2977 626 3025 Ed.
636 2977 726 3037 Onon.)
803 2978 907 3026 slternm
916 2979 1022 3041 Helpidii
1031 2981 1097 3041 npud
1108 2983 1271 3031 Amminnum
1283 2999 1340 3033 ιιι.

268 3055 407 3105 ‘subditos
423 3052 612 3116 mnpistrntitus]
635 3053 754 3113 Exempla
804 3052 869 3114 (cup.
881 3054 916 3114 6.)
940 3055 1043 3103 Severus
1053 3070 1084 3104 ne
1094 3071 1135 3107 coe
1146 3060 1250 3118 quidem
1263 3076 1340 3122 pann

222 3130 327 3180 illustris
337 3136 363 3178 et
372 3144 450 3192 panse
461 3135 486 3177 et
495 3129 573 3176 lundis
586 3129 640 3176 vide
657 3142 675 3176 ι.
687 3130 752 3177 Sum.
803 3127 914 3190 expertes
923 3131 1000 3178 voluit
1015 3146 1067 3180 esse
1082 3134 1125 3194 qni
1135 3133 1290 3195 Imperatori
1300 3139 1340 3185 eb-

223 3207 282 3256 nli.
293 3209 330 3266 18,
341 3207 378 3256 19.
391 3220 409 3254 ι.
417 3207 480 3267 Reg.
491 3206 554 3253 xviii.
565 3207 588 3262 4,
598 3207 636 3252 13.
649 3217 679 3250 rr.
689 3204 751 3262 Beer.
802 3207 1105 3256 neentiessentndneeern
1115 3212 1248 3260 senatoris.
1278 3214 1339 3262 viee

224 3283 287 3343 tre,
297 3286 336 3338 12,
346 3285 383 3330 14.
409 3283 485 3344 Apud
494 3280 643 3328 Christianos
654 3280 753 3326 ,liunuel
803 3282 1127 3345 Xiphilinum,(png.310t.
1142 3285 1339 3351 Eulisnpn.)

224 3363 251 3406 et
271 3358 391 3420 Georgius
411 3358 577 3404 detrectarunt
594 3355 751 3400 ministerium
847 3366 859 3400 t
880 3357 968 3405 Seneca
983 3357 1070 3420 puter]
1096 3359 1174 3408 Libro
1194 3375 1214 3411 1.
1239 3372 1337 3413 eonem.

224 3434 360 3481 eeeidermre
375 3434 502 3494 Angiutoe.
540 3430 639 3478 Nineue
664 3430 752 3476 Alexio
802 3433 879 3480 versia
895 3446 912 3480 1.

224 3509 345 3559 menn
358 3509 416 3570 iiiia.
446 3508 520 3570 (cep.
532 3503 583 3565 li)
614 3504 751 3566 [ii-itin·
846 3506 859 3542 ¹
887 3508 1062 3572 ρυωῑιῑακω]
1093 3512 1164 3560 reem
1185 3513 1265 3564 smne
1294 3531 1338 3564 m

223 3760 358 3817 Hebrews
368 3758 441 3816 have
455 3777 472 3815 a
486 3760 584 3832 snying
598 3758 752 3830 iudicating
767 3757 829 3816 that
843 3776 915 3817 eren
932 3760 982 3818 the
1001 3761 1078 3834 king,
1092 3761 1118 3816 if
1129 3761 1168 3818 he
1183 3767 1337 3821 command

222 3848 360 3921 nnything
374 3849 483 3920 against
496 3847 544 3902 the
557 3847 608 3900 law
623 3847 656 3900 of
669 3847 742 3909 God,
758 3848 780 3900 is
795 3855 845 3902 not
858 3859 887 3902 to
900 3849 936 3904 be
951 3849 1069 3920 obeped.
1108 3848 1185 3903 That
1200 3867 1257 3906 our
1270 3854 1338 3909 obe-

221 3934 322 3989 dience
334 3935 356 3988 is
369 3942 399 3988 to
411 3934 447 3989 be
459 3933 566 3988 limited
579 3931 617 4004 by
631 3949 684 3987 our
696 3934 766 4004 duty
779 3941 808 3988 to
823 3935 895 3997 God,
908 3937 930 3990 is
945 3935 1078 3990 declared
1091 3935 1130 4007 by
1142 3936 1289 4012 Polycnrp
1307 3948 1339 3996 at

221 4018 272 4076 the
283 4020 363 4093 point
378 4019 412 4075 of
422 4018 526 4083 deathe
547 4019 663 4075 Jerome
678 4037 716 4075 on
736 4023 769 4074 St
784 4021 865 4084 Paul,
881 4022 953 4094 Epir.
967 4024 1003 4077 vi.
1020 4029 1054 4087 13
1072 4023 1252 4093 Tertullinn3
1273 4028 1338 4101 syl-

220 4123 309 4163 vanus
324 4105 373 4163 the
387 4114 512 4178 martyre
529 4106 712 4178 Antigoneia
727 4108 894 4179 Euripides;
912 4110 1068 4166 Musonius.

274 4201 291 4249 2
313 4193 388 4250 Thnt
403 4212 420 4249 a
434 4193 528 4248 iether
539 4210 572 4248 or
586 4203 691 4248 master
706 4196 728 4249 is
747 4203 799 4249 not
815 4201 845 4249 te
859 4194 896 4250 be
911 4197 1020 4267 ebeyed
1036 4196 1062 4250 it
1080 4196 1118 4253 he
1140 4202 1299 4257 command
1321 4220 1340 4259 a

221 4283 318 4348 crime,
337 4299 367 4337 ns
382 4288 503 4343 irenses,
524 4280 574 4337 the
591 4280 705 4336 murder
720 4279 753 4336 ol
770 4282 812 4336 his
827 4282 947 4348 mother,
968 4285 1040 4339 false
1054 4293 1197 4351 sentence,
1209 4291 1274 4344 and
1289 4290 1341 4347 the

221 4369 287 4435 like,
307 4369 330 4424 ie
350 4367 475 4425 asserted
495 4368 532 4440 by
554 4367 670 4430 Gellius,
690 4369 854 4434 Quintilian,
871 4371 988 4436 Seneca,
1008 4372 1137 4443 Sopater.
1176 4376 1340 4434 Stratocles

221 4472 277 4511 vas
297 4455 421 4529 lnnghed
443 4461 473 4511 nt
497 4455 526 4510 in
547 4455 655 4510 Athene
676 4456 722 4511 ier
744 4459 897 4532 proposing
917 4475 935 4513 n
955 4459 1007 4514 lan
1027 4458 1091 4516 thet
1111 4459 1260 4520 whatever
1282 4483 1340 4521 was
