2828 4920
198 214 262 279 132
411 223 465 279 ΒΕ
485 221 706 280 renuamus
728 220 778 277 ΑΟ
801 218 1095 277 SPONSIONIBUS.
1186 217 1260 288 [Lm.
1270 221 1312 275 11.

273 385 316 454 V.
360 386 378 451 1
415 384 460 452 At
486 384 576 451 nobis
603 385 780 454 accuratius
806 385 1000 453 instituenda
1027 382 1156 472 partitio
1183 392 1242 459 est,
1273 393 1313 452 ιιι

196 485 333 578 primum
359 484 498 551 dicamus
514 484 624 553 federa
648 487 710 553 otia
726 487 810 554 idem
835 485 1036 562 constituere,
1054 484 1138 572 quod
1159 482 1242 570 juris
1261 492 1313 551 est

196 585 360 663 naturalis,
378 584 440 651 alia
456 583 575 673 aliquid
590 586 619 652 ei
636 586 782 675 adjicere.
822 585 961 653 ‘Prioris
977 585 1103 675 generis
1117 583 1227 650 federa
1246 605 1312 650 non

197 694 323 754 tantum
350 684 420 751 ficri
449 686 551 752 solent
574 686 658 753 inter
684 687 790 754 hostes
815 685 869 774 qui
896 708 917 752 a
945 685 1028 752 bello
1048 684 1222 761 discedunt,
1252 684 1311 750 sed

196 785 270 853 olim
294 793 329 852 et
353 784 471 852 fiebant
491 808 586 875 scope,
612 796 645 854 et
666 785 771 872 aliquo
795 787 887 853 modo
913 794 1005 852 erant
1027 784 1203 851 necessaria
1225 784 1312 852 inter

197 885 323 976 eosqui
343 895 419 952 ante
436 885 515 952 nihil
537 885 786 953 contraxissent:
809 886 843 953 id
862 885 935 953 iude
953 895 1067 962 ortum,
1093 885 1178 973 quod
1198 886 1311 975 regula

196 985 251 1054 illa
269 985 352 1075 juris
368 985 531 1063 naturalis,
557 986 774 1076 cognationem
796 987 879 1053 inter
897 985 1038 1052 homines
1059 985 1217 1072 quandam
1240 1008 1311 1052 esse

195 1109 218 1154 a
239 1096 366 1164 natura,
389 1107 427 1152 ac
452 1085 585 1175 proinde
610 1086 699 1152 nefas
725 1109 794 1153 esse
815 1086 950 1153 alterum
973 1085 1015 1151 ab
1037 1085 1139 1152 altero
1164 1085 1248 1162 loedi,
1272 1094 1311 1152 ιιι

197 1186 271 1254 olim
295 1195 370 1255 ante
387 1185 546 1264 diluuium,
573 1185 619 1253 ita
638 1209 747 1253 rursus
771 1186 875 1274 aliquo
898 1195 969 1275 post
991 1183 1142 1252 diluvium
1168 1194 1312 1273 tempore

196 1286 288 1354 malis
312 1286 451 1353 moribus
477 1294 559 1352 esset
579 1286 755 1364 obliterata,
783 1286 846 1352 ‘ita
871 1296 906 1353 ut
929 1283 1109 1352 latrocinari
1131 1292 1164 1350 et
1184 1285 1312 1373 praedas

197 1408 295 1477 agere
319 1386 353 1452 in
375 1394 532 1461 externos,
559 1385 644 1452 nullo
662 1386 743 1452 bello
766 1385 894 1464 indicto,
920 1407 979 1475 pro
1004 1383 1091 1453 licito
1116 1384 1308 1462 haberetur3

30 1500 183 1588 myppn
199 1484 285 1573 quod
297 1480 486 1564 Σκυθισμον
503 1496 596 1552 vocat
611 1485 815 1574 Epiphanius.

29 1597 164 1644 aeaeae
274 1588 295 1651 2
329 1585 415 1652 Hinc
436 1585 490 1652 illa
508 1577 604 1673 'apud
626 1586 813 1663 Homerum,
834 1609 877 1653 an
897 1588 1063 1674 praedones
1080 1585 1185 1654 estis?
1210 1585 1312 1652 amica

195 1685 413 1777 interrogatio,
441 1687 548 1773 ‘cujus
574 1693 608 1753 et
635 1685 836 1774 Thucydides
865 1688 1016 1765 meminit,
1052 1696 1085 1754 et
1118 1687 1151 1753 in
1186 1685 1312 1752 Solonis

30 1799 104 1896 {gagg
99 1799 142 1840 ··1³
151 1798 177 1840 ὰ
196 1785 269 1878 lege
286 1787 387 1854 reteri
404 1782 569 1874 collegia’
554 1784 611 1854 eal
636 1783 762 1855 λείαν
745 1783 945 1882 ερχομὲνων
969 1787 1096 1875 quippe,
1112 1796 1148 1854 ut
1164 1788 1187 1853 J
1190 1787 1313 1854 ustinus

30 1891 167 1932 Ml*
196 1886 251 1967 ait,
268 1887 311 1953 ad
329 1883 491 1973 Tarquinii
509 1894 652 1999 tempora
667 1885 863 1954 latrocinium
880 1887 976 1954 muris
992 1887 1094 1977 gloria
1110 1886 1310 1955 habebatur.

197 1995 231 2059 et
245 1986 348 2055 illud
338 2009 372 2052 ru
389 1984 561 2052 Romano
546 2007 630 2073 yure,
655 1994 692 2052 ut
713 1986 741 2053 si
764 2008 834 2054 cum
854 1998 949 2078 gente
966 1988 1071 2077 aliqua
1087 2009 1190 2076 neque
1207 1986 1313 2076 amici·

241 2166 254 2198 ⁴
268 2166 361 2215 Confer
370 2166 597 2220 Purrsnoarrnst,
613 2164 654 2213 De
666 2165 731 2212 Jare
779 2167 843 2213 Suo
853 2164 916 2212 libro
926 2176 983 2212 ιιι.
994 2169 1020 2212 et
1030 2165 1095 2212 alian
1128 2165 1196 2212 ldern
1207 2165 1238 2213 de
1249 2165 1314 2226 Tyr-

196 2240 259 2291 Nae.
269 2247 293 2290 et
304 2241 373 2291 Geat.
391 2241 446 2289 Lib.
457 2254 516 2287 ιιιι.
534 2255 586 2302 cap.
599 2243 636 2288 10.
662 2241 731 2289 ,1.Β.
778 2240 860 2287 rhenia
870 2241 986 2302 scriptum
1000 2245 1038 2287 est
1049 2240 1132 2288 Servio
1147 2242 1179 2287 ad
1191 2254 1249 2288 ιιιι.
1259 2241 1314 2290 429.

242 2325 254 2354 ⁸
269 2317 313 2366 Ita
322 2321 350 2364 ut
359 2317 505 2364 lenocinari
514 2323 537 2364 et
546 2317 647 2379 proedue
659 2330 731 2378 apere
779 2322 805 2364 et
815 2330 842 2362 x.
854 2315 982 2372 AEaeidoa,
998 2320 1024 2363 et
1039 2316 1069 2363 de
1084 2315 1138 2363 aliis
1151 2317 1267 2376 gentibus
1282 2316 1316 2363 ad

197 2393 224 2442 ln
233 2394 423 2452 talemanite
433 2393 493 2440 dello
504 2393 601 2448 indicto,
609 2407 655 2452 pro
664 2393 730 2440 licito
779 2392 884 2453 primum
892 2391 1018 2438 AEaeidor.
1039 2392 1148 2438 Diodoro
1154 2393 1236 2438 Siculo
1243 2391 1313 2452 (Lib.

79 2522 109 2540 ,ι
196 2468 335 2532 taem]
359 2469 441 2518 Caesar
457 2470 488 2516 de
506 2469 642 2526 Germanis,
657 2469 731 2528 (Bell.
779 2479 805 2514 ι’.
818 2481 871 2528 cap.
882 2467 925 2528 dl)
944 2467 974 2514 de
988 2467 1129 2516 laritanis.-
1146 2468 1244 2528 quicum
1255 2469 1315 2515 Plu-

199 2547 268 2597 Gau.
278 2561 315 2595 rr.
325 2547 372 2607 22)
392 2545 535 2592 latrocinia
544 2546 635 2592 nullam
645 2543 732 2590 hadent
780 2542 878 2590 turchos
891 2543 1012 2590 consentit
1023 2543 1116 2592 llario:
1132 2544 1166 2590 τὸ
1177 2544 1315 2605 λῃστεύειν

197 2623 325 2684 infamiam
337 2636 391 2684 puoe
405 2627 475 2668 entra
483 2622 549 2680 finer
563 2620 657 2678 cujusce
671 2619 731 2666 riui·
779 2620 849 2665 odra
860 2618 1098 2678 τότιτοῑνἸβιὶρων
1106 2621 1162 2680 οὐχι
1170 2619 1315 2666 κοιιλιοτον

196 2698 256 2744 tatia
264 2699 341 2758 fiunt.
371 2696 474 2744 Accedit
489 2696 570 2742 Testis
586 2695 686 2742 Tacitus
702 2695 732 2741 cle
779 2694 930 2755 ἡγουμένων·
946 2693 981 2741 ad
995 2693 1023 2740 id
1036 2700 1126 2754 tempus
1139 2695 1260 2754 Hispanis
1275 2695 1315 2742 la·

100 2823 106 2832 ,
196 2773 311 2823 Moribus
321 2773 466 2829 Gemanica,
482 2770 548 2834 (cap.
559 2773 589 2818 14
605 2775 630 2818 et
645 2769 688 2831 26)
706 2774 732 2817 et
780 2770 898 2818 ινοείιιονί
913 2770 975 2818 inter
987 2770 1152 2831 pulcherrirna
1171 2769 1314 2821 habebatur.

195 3027 441 3217 ἓζοιιιιιῇοιῃά
409 3028 824 3102 ιιϋιιοοιιιοιὼιιριηι
840 3029 953 3102 giving
957 3029 1031 3103 and
1035 3029 1148 3106 neither
1140 3029 1313 3118 receiving

231 3133 248 3172 e
273 3133 315 3171 ew

207 3203 291 3258 V
330 3207 345 3256 1
370 3202 424 3257 We
445 3208 522 3257 must
541 3203 625 3257 make
644 3218 662 3256 a
682 3218 762 3257 more
782 3209 913 3260 accurate
933 3203 1062 3260 dirision.
1107 3203 1161 3261 We
1175 3221 1225 3276 say
1239 3204 1311 3260 then

196 3287 261 3346 that
279 3305 358 3346 seme
376 3290 492 3344 treatics
515 3289 650 3344 establish
672 3289 735 3344 that
752 3289 844 3344 which
863 3290 886 3345 is
910 3290 1105 3346 conformable
1130 3297 1161 3346 to
1186 3293 1312 3348 Natural

195 3375 284 3442 Law3
311 3374 407 3432 others
431 3375 487 3430 add
511 3375 672 3446 something
697 3383 727 3430 to
749 3378 780 3431 it.
826 3377 954 3433 Treaties
977 3377 1011 3433 of
1034 3378 1084 3434 the
1105 3377 1214 3434 former
1239 3379 1312 3435 kind

196 3479 247 3519 are
269 3469 321 3518 not
342 3461 410 3534 only
424 3462 585 3534 commonly
608 3463 691 3518 mado
710 3462 748 3535 by
762 3463 865 3519 hostile
886 3466 991 3536 parties
1013 3464 1119 3537 ending
1137 3483 1155 3519 a
1169 3483 1235 3531 war,
1256 3465 1311 3522 but

195 3547 334 3621 formerly
345 3565 419 3605 were
431 3548 503 3603 both
517 3549 657 3620 frequent,
669 3549 725 3603 and
738 3551 768 3603 in
779 3566 797 3603 a
811 3552 919 3604 certain
934 3568 994 3623 way
1008 3568 1166 3624 necessary,
1179 3553 1312 3609 between

195 3634 279 3691 those
293 3634 356 3690 who
371 3635 429 3690 had
449 3636 549 3691 before
570 3635 626 3689 had
648 3635 768 3706 nothing
783 3643 812 3690 tc
835 3636 872 3692 (lo
894 3637 962 3691 with
983 3638 1053 3693 each
1068 3638 1162 3694 other.
1205 3639 1311 3696 Which

195 3738 277 3778 arose
291 3722 367 3777 from
382 3723 448 3788 this,
463 3721 526 3777 that
541 3721 590 3776 tho
605 3722 667 3776 rulc
683 3722 716 3776 of
729 3723 852 3776 Natural
866 3723 942 3790 Law,
957 3724 1020 3778 that
1034 3725 1117 3781 there
1130 3726 1154 3780 is
1168 3743 1187 3780 a
1201 3727 1311 3783 certain

193 3809 309 3865 natural
329 3808 515 3880 relationship
537 3825 641 3879 among
662 3825 738 3872 men,
755 3809 811 3863 and
835 3809 899 3865 thot
919 3810 1062 3866 therefore
1083 3813 1106 3867 it
1125 3812 1149 3867 is
1172 3813 1310 3869 unlawful

192 3893 241 3951 for
254 3911 309 3952 one
324 3912 391 3950 man
406 3901 436 3950 to
455 3894 538 3948 harm
552 3894 681 3961 another,
699 3912 729 3949 as
744 3897 767 3950 it
783 3914 838 3951 was
854 3897 1023 3952 obliterated
1038 3898 1076 3971 by
1091 3899 1197 3954 ricious
1214 3899 1311 3957 habits

192 3980 294 4038 before
308 3981 358 4036 the
373 3981 484 4053 deluge,
506 3997 537 4035 so
552 3999 607 4036 was
623 3983 646 4036 it
661 3984 745 4054 again
759 3982 835 4038 after
849 3983 899 4038 the
914 3985 1032 4056 doluge:
1057 4002 1089 4040 so
1108 3985 1171 4041 that
1185 3985 1310 4062 robbery

193 4068 251 4123 and
265 4067 388 4140 plunder
402 4067 436 4122 ot*
447 4075 588 4140 strangers
603 4068 723 4125 without
745 4069 889 4142 declaring
910 4088 976 4136 war,
993 4089 1049 4127 was
1070 4072 1137 4129 held
1155 4073 1267 4129 lnwtul:
1291 4093 1311 4131 a

193 4154 337 4229 septifera,
351 4171 382 4210 as
397 4154 573 4227 Epiphanius
588 4155 656 4211 calls
672 4156 703 4211 it.

249 4248 267 4298 2
288 4243 387 4298 Hence
402 4258 443 4296 no
461 4241 533 4296 hare
548 4242 611 4296 that
628 4244 758 4313 question
773 4244 803 4297 in
818 4243 934 4309 Homer,
949 4245 1006 4300 Arc
1021 4263 1057 4317 ye
1075 4247 1201 4302 Pirates?
1220 4247 1310 4305 asked

191 4344 223 4384 as
241 4345 278 4383 an
292 4329 457 4385 inoffensius
472 4329 593 4400 inquiry,
615 4345 646 4383 as
667 4329 847 4402 Thucydides
859 4332 982 4388 noticcs:
1007 4334 1063 4387 and
1083 4333 1112 4387 in
1134 4351 1172 4388 an
1191 4334 1239 4389 old
1254 4334 1310 4391 law

191 4415 226 4471 of
240 4415 330 4472 Solon
350 4415 432 4473 there
450 4433 499 4473 are
523 4416 688 4473 mentioned
710 4419 873 4492 campanies
893 4418 926 4475 ci
944 4419 1148 4487 Treebootcrs3
1170 4423 1256 4488 since,
1276 4439 1309 4480 as
