2828 4920
56 276 129 332 Cur.
144 272 225 342 XX]
392 288 400 295 ·
507 276 560 330 DE
584 276 722 331 Pfflhls,
1112 268 1172 334 271

54 442 259 508 referendum
278 442 394 508 malum
421 441 452 511 ci
478 472 519 510 τε
544 434 594 511 δεῖ
619 439 697 526 ἡμᾶς
724 437 827 513 τῶνδε
854 441 1082 539 χαλεπώτερα
1106 439 1174 514 orci·

54 573 164 638 σχειν,
181 546 314 611 etiamsi
331 546 415 628 proici
429 547 569 631 pravius
587 547 787 631 patiendum
803 549 896 614 scobis
919 549 1099 625 iormiaeat,
1118 546 1173 633 qui

54 666 167 709 sensus
182 654 215 711 et
231 645 317 732 apud
340 645 514 711 hienimum
538 645 672 735 Tyrium
694 655 806 712 exstat.
851 644 1007 740 Ὕβρεως
1025 640 1120 730 δίκην,
1138 646 1172 714 id

54 752 118 821 est,
153 744 308 811 actionem
339 747 380 812 ob
415 756 576 834 acceptam
614 747 832 812 contumeliam
865 747 1000 834 aliquam
1033 748 1171 835 (qualem

56 844 206 912 Christus
223 847 324 934 alapae
340 845 464 913 nomine
480 846 608 933 indicat)
624 848 762 936 negabat
784 848 946 914 Musonius
962 857 1018 914 aut
1034 871 1069 914 se
1084 847 1172 914 insti·

54 953 212 1027 tuturum,
241 957 297 1014 aut
326 948 470 1035 cuiquam
497 958 532 1015 ut
558 947 738 1015 institueret
766 957 928 1015 auctorem
957 948 1045 1016 sore:
1070 949 1170 1016 multo

55 1044 142 1111 enim
160 1046 276 1113 rectius
292 1048 462 1114 condonari
478 1048 564 1114 talia.

136 1146 156 1215 7
192 1147 337 1225 Quodsi
362 1148 565 1215 dissimulatio
581 1171 730 1238 maguum
756 1171 860 1216 secum
885 1148 1057 1236 pericnlum
1076 1149 1169 1227 ierat,

55 1269 96 1312 ea
114 1247 258 1314 cautione
275 1248 414 1315 contenti
424 1271 492 1315 esse
505 1249 664 1328 debemus,
678 1272 748 1337 quae
764 1271 858 1337 quam
875 1250 1034 1315 minimum
1048 1259 1169 1316 noceat.

58 1348 90 1411 N
92 1371 142 1413 am
161 1371 200 1414 ne
218 1349 302 1435 apud
321 1350 478 1416 Hebraeos
495 1349 621 1436 quidem
638 1349 671 1416 in
687 1373 746 1416 usu
764 1360 833 1417 erat
853 1350 939 1431 talio,
958 1361 994 1416 ut
1010 1350 1034 1414 J
1036 1350 1170 1437 oscpbus
1180 1365 1315 1462 ¹gurgo-ppp-

57 1460 92 1514 et
109 1447 163 1513 alii
182 1449 395 1516 Hebraeorum
412 1450 554 1516 doctores
576 1459 696 1527 notant,
713 1451 768 1517 sed
786 1450 906 1517 solebat
921 1450 975 1538 qui
992 1451 1084 1517 laesus
1099 1459 1170 1517 erat
1203 1439 1210 1451 ⁰

57 1549 146 1614 ultra
162 1549 320 1637 impendia
336 1572 357 1615 a
375 1571 408 1616 se
431 1551 523 1629 facta,
543 1551 584 1617 de
602 1551 713 1638 quibus
730 1551 858 1617 seorsim
876 1552 928 1617 lex
946 1559 1050 1616 exstat
1066 1551 1168 1617 Exod.

56 1648 125 1714 xxi.
147 1652 199 1726 19,
223 1651 320 1734 (⁸haee
347 1650 430 1716 enim
459 1661 507 1718 est
532 1651 634 1740 simpli
659 1652 817 1718 restitutio
841 1651 920 1718 nihil
947 1651 1070 1739 poenale
1097 1673 1170 1717 con-

57 1749 176 1833 tinens)
202 1771 261 1837 pro
283 1749 400 1818 talione
417 1747 643 1839 tpecuniariam
669 1752 816 1818 mulctam
839 1752 1000 1841 accipere:
1026 1751 1111 1839 quod
1136 1760 1171 1818 et

56 1851 171 1915 Romae
188 1851 304 1917 factum
328 1852 419 1918 docet
442 1853 529 1940 apud
551 1852 686 1930 Gellium
704 1855 731 1918 F
732 1853 889 1919 evorinus,
943 1853 995 1919 Sic
1009 1852 1033 1916 J
1036 1853 1170 1941 osephus
1181 1871 1302 1914 maur.

56 1949 176 2017 domini
192 1951 292 2018 nostri
308 1953 387 2018 Jesu
404 1953 564 2031 educator,
582 1976 652 2019 cum
670 1976 801 2020 uxorem
817 1975 906 2020 suam
921 1952 1069 2019 adulterii
1085 1975 1169 2019 com·

55 2059 182 2139 partam
208 2053 361 2131 crederet,
379 2052 535 2120 udivortio
560 2076 594 2119 se
620 2055 756 2120 liberare
781 2052 900 2136 maluit,
917 2075 1011 2140 quam
1028 2051 1317 2119 commit-nausia

56 2161 129 2219 tere
145 2161 182 2218 ut
198 2152 439 2223 traduceretur:
463 2163 558 2241 atque
575 2154 608 2221 id
624 2154 734 2221 fecisse
751 2154 865 2221 dicitur
882 2154 956 2241 quia
968 2152 1072 2242 justus
1088 2163 1168 2231 orat,

56 2251 91 2317 id
109 2260 167 2329 est,
185 2252 235 2319 vir
252 2256 369 2343 probus
391 2277 428 2321 ac
448 2255 567 2322 facilis:
593 2255 635 2320 ad
657 2278 749 2343 quem
771 2255 873 2321 locum
890 2254 1096 2321 8Ambrosius
1112 2253 1168 2332 ait,

56 2374 121 2418 uon
137 2361 259 2420 tantum
285 2357 326 2422 ab
350 2355 476 2421 ultionis
498 2355 674 2434 atrocitate,
697 2356 753 2422 sed
778 2355 873 2422 etiam
889 2356 950 2422 xab
967 2354 1171 2423 accusationis

55 2453 227 2520 severitate
243 2455 376 2521 alienam
394 2476 462 2522 esse
482 2455 561 2542 justi
583 2477 768 2543 personam3
795 2455 875 2524 sieut
892 2465 926 2523 et
941 2466 1015 2523 ante
1035 2456 1170 2521 Lactan-

55 2552 120 2620 tius
147 2553 413 2644 discretaeque
440 2579 598 2624 accusare
632 2579 829 2644 quemquam
859 2560 997 2624 artusiae
1025 2556 1171 2644 capitali
1182 2577 1236 2666 ppt
1247 2575 1336 2618 osea

56 2730 242 2792 gmtiuuslibro
254 2744 284 2779 ιι.
300 2731 329 2780 dc
338 2731 489 2779 Adulterinis
501 2729 590 2789 conju-
686 2739 700 2766 ¹
716 2732 755 2778 Ab
770 2732 931 2780 accusationis
946 2727 1082 2792 acoemeto]
1107 2729 1172 2779 Vnde

56 2809 120 2869 giis.-
136 2809 160 2855 ei
170 2814 248 2856 autem
258 2809 335 2870 (quod
343 2809 423 2856 verim
432 2806 534 2868 dicitur)
544 2821 591 2853 non
642 2807 800 2856 Hincmarum
817 2809 848 2855 ds
859 2808 971 2855 Divertio
986 2808 1018 2854 ad
1033 2808 1172 2869 iuterroga-

57 2885 113 2930 licei
128 2884 218 2930 homini
230 2883 369 2932 Christiano
384 2883 519 2930 adulteram
533 2896 591 2930 con·
640 2886 733 2932 tionem
754 2897 781 2932 v.
802 2885 827 2932 iu
847 2885 903 2932 fine.
923 2900 944 2932 c.
962 2885 1045 2932 laicos.
1065 2898 1132 2932 caus.
1147 2886 1171 2933 2.

49 2961 135 3022 jopem
153 2963 269 3019 occidere,
290 2963 334 3009 sed
353 2967 444 3009 totamm
463 2961 589 3007 dimittere.
641 2965 727 3020 quaest.
743 2961 767 3008 7.
788 2965 814 3007 et
830 2960 864 3007 ibi
880 2960 1088 3007 Panormitanum.
1106 2959 1172 3008 Gsil.

56 3039 132 3099 (Cap.
143 3039 192 3098 15.)
640 3035 670 3082 de
679 3035 746 3082 Pace
756 3036 861 3083 Publica
872 3050 929 3084 vnn.
939 3039 964 3084 3.
995 3036 1067 3083 Adde
1085 3050 1107 3082 c.
1121 3036 1172 3082 Ae·

103 3111 208 3158 ⁸Loeus
218 3115 256 3160 est
265 3113 289 3158 ln
297 3111 472 3159 Psalmcxsiii.
483 3111 588 3158 Semi.
640 3112 737 3168 cusasti,
758 3111 789 3156 de
808 3112 1008 3168 mcusaiionibue,
1031 3112 1068 3160 lta
1086 3116 1116 3159 ut
1133 3117 1173 3160 ott

57 3202 112 3250 cop.
119 3203 141 3237 v.
153 3189 243 3250 plata
252 3201 278 3236 o.
287 3187 338 3235 Ea.
346 3188 431 3236 Paris.
442 3188 509 3238 1569.
525 3187 586 3236 JB.
639 3187 705 3247 apud
715 3186 874 3234 Broeardum.

54 3440 124 3498 this.
169 3440 214 3496 An
229 3439 332 3496 Action
354 3439 401 3495 ior
422 3439 586 3512 contumely
601 3436 684 3507 (such
707 3455 739 3494 as
754 3438 850 3495 Christ
866 3438 1004 3494 indicates
1021 3437 1052 3492 in
1068 3436 1171 3510 speak-

54 3530 107 3600 ing
128 3527 162 3582 oi
177 3544 232 3583 one
250 3527 370 3599 striking
388 3545 422 3583 us
441 3544 479 3582 on
497 3527 546 3582 the
565 3525 677 3594 eheelr),
696 3526 844 3582 Musonius
866 3525 926 3580 said
944 3523 981 3579 he
998 3522 1092 3578 would
1110 3523 1171 3579 nei·

54 3615 123 3670 ther
136 3621 268 3686 promote
282 3631 337 3670 nor
350 3613 504 3680 authorise,
527 3614 550 3670 it
574 3614 660 3698 being
680 3613 775 3669 better
793 3613 856 3669 that
875 3610 945 3668 such
959 3610 1054 3683 things
1068 3609 1171 3666 should

54 3701 94 3758 be
109 3701 336 3846 largitliiisuch
349 3787 535 3843 forbearance
549 3786 634 3858 bring
649 3792 730 3858 great
745 3785 827 3857 peril,
840 3802 882 3840 we
897 3801 946 3840 are
961 3789 991 3840 to
1003 3784 1040 3839 be
1052 3788 1170 3839 content

56 3875 126 3930 with
141 3875 210 3931 such
224 3879 391 3948 precaution
406 3892 437 3930 as
452 3874 524 3930 shall
540 3874 577 3928 do
592 3872 641 3929 the
658 3874 730 3928 least
745 3873 825 3926 harm
846 3880 876 3928 to
892 3872 941 3927 the
956 3870 1093 3926 offender.
1130 3870 1170 3926 So

56 3979 162 4033 among
187 3961 237 4018 the
261 3963 345 4027 Jews,
367 3963 416 4017 the
439 3977 542 4034 person
565 3961 698 4017 offunded
721 3960 857 4032 accepted
881 3977 899 4015 a
920 3959 1074 4032 pecuniary
1095 3957 1169 4022 doeg

56 4047 149 4102 which
178 4065 233 4104 nus
255 4050 316 4104 also
337 4049 478 4121 practiscd
500 4053 531 4102 at
553 4049 653 4103 Rome.
701 4049 740 4103 So
770 4048 888 4121 ioseph,
910 4047 960 4103 the
984 4044 1114 4102 husband
1140 4043 1175 4099 of

56 4135 150 4207 Mary,
167 4135 224 4189 and
242 4134 292 4191 tho
310 4135 447 4191 educator
469 4135 502 4189 of
517 4152 569 4190 our
588 4135 666 4189 Lord
684 4135 776 4199 Jesus,
798 4135 879 4191 uhcn
901 4135 939 4190 ho
957 4131 1109 4190 coneeired
1126 4129 1170 4186 his

56 4221 123 4276 wife
144 4228 175 4276 to
199 4222 234 4276 bo
256 4222 346 4293 guilty
369 4222 402 4276 oi
423 4221 563 4294 adultery,
585 4240 640 4277 was
664 4221 780 4276 nrinded
805 4229 834 4277 to
857 4230 909 4295 put
936 4221 988 4277 her
1011 4235 1098 4292 away,
1118 4223 1171 4274 not

56 4315 89 4366 to
112 4308 194 4380 bring
208 4307 261 4364 her
279 4309 378 4364 before
397 4327 415 4364 a
430 4309 526 4382 public
549 4307 767 4375 tribuna13and
790 4307 855 4372 this,
876 4309 997 4364 because
1017 4305 1056 4362 he
1076 4321 1132 4360 aas
1152 4322 1172 4361 a

52 4397 124 4468 just,
146 4395 210 4451 that
230 4397 262 4462 is,
284 4414 302 4451 a
324 4397 455 4454 merciful
479 4415 554 4454 man.
600 4396 667 4452 And
690 4413 729 4452 on
750 4394 806 4451 this
826 4401 946 4450 account
961 4394 1099 4450 Ambrose
1112 4391 1172 4449 and

55 4485 223 4540 Lactantius
243 4485 335 4559 praise
356 4485 425 4542 him.
473 4487 512 4543 So
529 4485 634 4553 imtin,
649 4484 684 4543 ol
699 4483 749 4542 the
763 4499 879 4539 accuser
893 4482 927 4540 of
941 4481 991 4538 the
1006 4480 1172 4548 chusam,
