2828 4920
70 247 142 302 err.
156 242 240 324 xa]
523 244 575 299 nn
598 243 737 300 amsla.
1126 234 1188 298 283

70 415 148 499 quia
165 412 242 478 uelit
254 433 382 497 punicea
398 412 536 488 utiliter,
552 431 617 475 raon
633 411 751 477 multoe
768 412 932 476 inutiliter
945 411 1075 497 punire.
1108 408 1190 474 Sunt

69 522 106 578 ct
124 513 267 599 quadam
284 534 348 577 non
370 512 515 577 humanae
531 509 713 598 simpliciter
732 519 864 588 naturae,
886 511 942 577 sed
965 510 1037 576 huic
1054 517 1087 575 ct
1108 529 1190 574 nuuc

69 612 272 689 inevitabilia,
300 613 360 678 yob
386 611 525 700 corporis
550 610 777 677 concretionem
803 610 997 675 inanimum
1025 620 1190 677 transcun-

71 723 149 789 tem,
168 722 224 778 aut
240 712 380 778 adultam
399 711 662 788 consuetudinem,
685 733 756 798 quae
773 721 879 778 tamen
902 711 1006 799 puniri
1026 710 1107 776 solet
1128 731 1190 775 non

72 821 141 879 tam
158 812 191 876 in
207 834 284 890 sese,
302 835 397 901 quam
414 812 472 877 ²ob
489 812 610 898 culpam
627 811 868 897 praecedentem,
886 810 961 898 quia
975 819 1032 877 aut
1048 808 1191 900 neglecta

73 920 150 979 sunt
166 913 315 990 remedia,
333 922 388 979 aut
405 912 489 978 ultro
507 911 635 977 attracti
651 911 683 975 in
700 911 837 977 animum
854 910 964 977 morbi.

150 1013 224 1078 XX.
271 1016 289 1078 1
324 1012 443 1089 Tertio,
464 1011 624 1099 punienda
647 1033 710 1076 non
726 1019 800 1077 sunt
817 1021 955 1097 peccata,
975 1033 1046 1100 quae
1061 1033 1120 1077 nec
1144 1009 1191 1076 di·

75 1121 163 1179 recte
185 1135 243 1178 nec
266 1112 418 1178 indirecte
442 1120 587 1199 spectant
607 1111 649 1176 ad
671 1110 852 1176 societatem
875 1112 1054 1188 humanam,
1077 1120 1134 1178 aut
1149 1110 1192 1178 ad

75 1213 234 1279 hominem
258 1213 403 1280 alterum.
456 1211 552 1277 Ratio
573 1218 631 1289 est,
657 1209 731 1299 quia
751 1211 836 1275 nulla
861 1220 910 1276 est
932 1233 1026 1279 causa
1049 1234 1106 1278 cur
1128 1231 1192 1278 non

75 1312 155 1378 talia
166 1321 295 1400 peccata
312 1312 530 1400 relinquantur
543 1312 612 1385 Deo
625 1311 792 1398 punienda,
811 1309 911 1396 quiet
927 1312 968 1377 ad
981 1334 1019 1377 ca
1036 1310 1193 1377 noscenda

77 1422 128 1479 cst
144 1413 398 1501 sapientissimus,
425 1413 516 1479 etad
534 1411 740 1498 expendenda
757 1410 958 1496 aequissimus,
978 1420 1011 1477 et
1033 1413 1074 1478 ad
1092 1410 1193 1477 vindi·

76 1514 179 1578 canda
200 1513 442 1600 potentissimus.
489 1512 596 1590 Quare
613 1511 653 1576 ab
675 1509 851 1575 hominibus
869 1510 989 1599 punitio
1012 1511 1084 1577 talis
1105 1510 1193 1577 insti·

77 1622 222 1679 tueretur
239 1612 332 1700 plane
348 1612 415 1679 sine
432 1612 577 1688 utilitate,
594 1633 632 1676 ac
648 1610 781 1699 proinde
798 1611 955 1677 mendose.
991 1609 1193 1699 Excipiendae

77 1712 152 1778 hinc
169 1721 243 1779 sunt
259 1734 363 1801 poenae
380 1711 612 1788 emendatoriae,
630 1733 700 1799 quae
718 1733 842 1776 causam
865 1711 983 1777 habent
999 1721 1036 1777 ut
1051 1711 1106 1798 qui
1123 1732 1194 1797 pere

77 1812 163 1880 cavit
180 1812 288 1878 melior
305 1813 370 1891 fiat,
392 1812 513 1879 etiamsi
530 1813 613 1878 forte
635 1811 669 1890 id
683 1811 815 1878 aliorum
838 1833 901 1876 non
917 1809 1051 1884 intersit.
1099 1809 1194 1877 Puni·

70 1913 152 1995 „endi
170 1934 294 2001 quoque
315 1935 378 1979 non
395 1921 468 1979 sunt
484 1921 572 1979 actus
595 1911 728 1999 oppositi
746 1910 915 1977 virtutibus
932 1933 1064 1998 quarum
1080 1919 1195 1976 natura

78 2014 268 2079 coactionem
287 2035 409 2079 omnem
425 2012 580 2100 repudiat,
604 2012 716 2100 inquo
740 2032 858 2099 genere
874 2021 948 2078 sunt
971 2010 1193 2089 misericordia.

80 2113 263 2191 liberalitas,
281 2112 394 2202 gratia
410 2113 530 2179 relatio.

156 2217 177 2279 2
213 2214 343 2280 Tractat
370 2212 452 2279 hanc
476 2211 679 2300 quaestionem
705 2215 836 2290 Seneca,
866 2233 908 2278 an
934 2209 1055 2302 ingrati
1085 2209 1195 2277 vitium
1208 2231 1331 2320 mataps

76 2313 265 2403 impunitum
283 2335 351 2380 esse
368 2314 500 2392 debeat3
527 2323 560 2380 ct
583 2335 639 2378 our
656 2335 718 2378 non
739 2312 863 2389 debeat,
882 2312 988 2379 adfert
1005 2310 1113 2388 multa,
1139 2281 1241 2378 sed

73 2492 291 2553 planedelrnpuere
300 2503 373 2551 neque
382 2489 484 2536 benarnae
493 2493 615 2550 ennena
662 2500 836 2545 rannonrros,
861 2487 902 2534 De
921 2485 985 2534 Iure
1003 2485 1065 2534 Nat.
1085 2490 1108 2533 et
1127 2485 1198 2535 (lent.

77 2570 107 2615 iel
124 2583 202 2615 renim
210 2569 265 2628 sert
280 2571 377 2612 notura.
409 2565 482 2612 Adde
496 2565 614 2611 Basilium
663 2563 720 2611 Lib.
731 2575 748 2608 1.
766 2576 817 2624 cap.
828 2576 851 2610 v.
868 2561 917 2623 §8.
947 2561 976 2610 J.
986 2561 1020 2610 B.

78 2647 255 2705 Imperatorem
271 2645 375 2702 capio.
408 2641 565 2701 (Partenetic.
582 2640 614 2687 ad
708 2640 772 2686 tOb
787 2640 897 2699 eorporie
914 2640 1082 2687 concretionem
1098 2641 1124 2688 in
1140 2641 1197 2689 ani·

77 2720 187 2767 Leonem
198 2715 308 2780 fitium.)
663 2730 725 2762 mum
735 2713 905 2776 transeuntem]
922 2716 1014 2762 Seneca
1027 2716 1056 2763 de
1071 2715 1119 2763 Ira
1133 2715 1197 2765 libro

124 2791 613 2854 ¹¹InterludoeoePlrilo]DeMoselibro
664 2792 922 2849 templariorum
942 2791 1071 2840 aerioma
1090 2792 1197 2840 nistera

78 2885 122 2918 111.
133 2886 157 2933 p.
166 2871 219 2918 ott.
230 2885 251 2917 c.
259 2870 316 2916 addi
326 2873 408 2929 potest
420 2868 573 2913 Abenesdras
582 2869 613 2913 ud
663 2866 825 2912 elementorum
834 2866 910 2925 facit,
919 2872 942 2914 et
950 2867 1056 2927 proinde
1065 2867 1091 2914 in
1100 2868 1199 2930 aliquae

78 2946 173 2994 tonum
184 2960 209 2992 v.
220 2946 243 2992 t.
253 2948 279 2990 et
289 2943 416 2989 Rabbinus
426 2941 502 2987 lsrael
513 2955 534 2988 c.
544 2944 569 2989 8.
662 2941 740 3001 inopie
751 2942 885 2988 inminebunt
894 2943 998 3004 muenia,
1010 2949 1084 3004 proed
1093 2945 1198 3004 alienare

124 3028 137 3053 κ
153 3018 280 3064 Diodorus
294 3014 403 3076 Siculus]
420 3016 488 3062 ldem
503 3016 528 3060 in
545 3018 613 3076 frag·
662 3017 766 3063 elementi
776 3017 900 3075 rnnjoraie
910 3019 1048 3066 mundent.
1069 3021 1196 3069 nliuthae

77 3092 183 3139 mentis:
208 3090 242 3149 pari
264 3095 436 3149 συκοφαντεῖν
457 3089 614 3148 ἀνθρωπίνης
662 3105 691 3137 ea
707 3097 786 3150 vocat,
807 3106 863 3153 quae
882 3093 995 3138 attribuit
1014 3094 1121 3141 mnditia
1140 3109 1197 3142 nas·

78 3171 181 3227 <plasea
196 3167 245 3221 erin
257 3164 396 3212 ἀσθένειαν·
412 3169 559 3223 nonoportet
567 3178 614 3224 per
662 3166 731 3212 cendi
751 3172 777 3213 et
794 3167 902 3227 eorporis
917 3172 1092 3229 temperatura.
1133 3170 1195 3231 npt-

77 3243 223 3290 enlunaninrn
244 3241 369 3287 adurere
389 3240 550 3298 infirmitatem
570 3240 614 3285 lu·
662 3242 726 3288 stola
738 3255 778 3289 xi.

77 3334 153 3365 manu
164 3324 262 3364 nature.
283 3317 327 3376 (E.
338 3315 472 3363 Libuit.
483 3316 567 3374 Eclog.
577 3314 612 3374 1.)
707 3318 769 3363 ²Oh
784 3320 878 3379 eulpam
892 3322 1072 3383 precedentem]
1096 3323 1159 3371 vide
1172 3339 1195 3373 e.

124 3393 135 3421 ⁸
151 3393 240 3438 Merito
256 3392 302 3438 hoe
312 3391 391 3451 rejicit
401 3396 426 3437 et
440 3391 551 3438 confutat
561 3391 612 3437 Pc-
662 3393 850 3440 inebriaverunt.
860 3396 885 3443 9.
896 3410 968 3443 musa
978 3410 1023 3444 xv.
1033 3403 1119 3458 quast
1130 3403 1155 3450 1.

78 3661 155 3699 man.
202 3641 264 3697 The
279 3659 378 3697 reason
394 3643 427 3706 is,
441 3642 505 3697 that
517 3642 599 3698 thoro
611 3644 634 3699 is
650 3661 687 3698 no
703 3662 787 3700 cause
800 3645 862 3717 why
874 3645 943 3701 such
956 3647 1013 3704 sins
1025 3648 1128 3707 should
1144 3661 1196 3709 not

77 3732 116 3786 be
131 3730 185 3785 icit
196 3737 226 3785 to
241 3728 306 3784 God
330 3736 359 3784 to
384 3728 496 3800 punish,
509 3730 571 3783 who
592 3747 644 3784 can
656 3730 728 3785 both
748 3732 832 3786 know
852 3733 930 3787 them
952 3734 1023 3801 best,
1039 3738 1097 3793 and
1104 3739 1195 3813 judga

78 3819 160 3872 them
179 3823 254 3870 most
277 3815 376 3887 justly,
406 3816 464 3869 and
482 3817 585 3887 punish
607 3816 685 3871 thern
707 3825 781 3871 most
801 3819 972 3892 effeetunlly.
1027 3822 1195 3882 ib'hrreiore

78 3904 105 3958 it
117 3902 186 3957 such
201 3922 218 3956 a
233 3902 416 3974 punishment
431 3919 503 3957 uero
518 3903 678 3970 instituted,
693 3905 715 3957 it
734 3906 826 3959 would
844 3907 879 3962 be
897 3908 1011 3973 useless,
1026 3909 1083 3964 arrd
1103 3911 1195 3967 there·

78 3990 142 4044 fore
157 3988 326 4043 blameablo.
355 3990 441 4044 From
463 3988 520 4043 this
538 3990 650 4043 remark
674 3998 767 4045 arcto
791 3993 827 4048 be
846 3996 982 4068 excepted
999 3996 1196 4067 punishtueuts

79 4076 127 4129 ior
139 4074 330 4138 amendmcnt,
344 4074 434 4129 which
450 4074 522 4129 have
534 4076 580 4129 sor
593 4075 667 4130 their
680 4077 774 4147 object
789 4087 819 4133 to
838 4082 922 4136 make
941 4082 992 4137 the
1007 4100 1073 4138 raian
1094 4083 1197 4150 better,

80 4161 191 4231 though
212 4160 260 4215 the
283 4161 402 4215 interest
424 4162 458 4216 os
474 4161 570 4217 otbcrs
593 4164 615 4217 is
635 4171 686 4217 not
708 4167 874 4220 conccrncd.
912 4168 979 4222 Also
999 4170 1196 4240 punishments

80 4265 130 4302 aro
148 4254 199 4301 not
215 4255 245 4302 to
261 4246 297 4302 be
318 4247 445 4302 indietcd
464 4256 582 4305 on'aets
595 4250 721 4322 opposed
740 4259 770 4306 to
783 4251 865 4307 those
882 4254 1033 4308 virtuosos
1044 4255 1132 4311 which
1145 4255 1195 4313 the

79 4343 182 4390 naturo
191 4336 292 4403 rejects
304 4335 344 4388 all
357 4335 542 4407 compulsion,
558 4354 589 4391 as
604 4354 709 4408 mcrcy,
724 4338 875 4411 liberality,
889 4340 1042 4410 gratitudo.

137 4427 154 4474 2
182 4420 290 4476 Seneca
305 4429 393 4477 treats
407 4422 463 4478 this
479 4425 618 4496 question,
629 4424 768 4480 Whothcr
786 4425 960 4497 ingratitudo
976 4426 1065 4499 ought
1078 4435 1108 4484 to
1121 4437 1198 4486 meet
