2828 4920
43 235 125 292 Car.
141 228 226 310 XX]
503 233 556 287 DE
579 232 719 289 POEXIS.
1107 224 1174 292 297

46 407 144 472 enim
172 405 311 490 eimplec
336 413 510 490 peccatum
536 415 584 469 eet
609 426 673 470 non
695 404 800 470 coliem
825 402 960 477 melem,
988 402 1047 468 eed
1072 402 1174 467 etiam

48 509 194 573 vetitam
217 507 421 571 committere.
475 502 622 570 Tacitus:
648 507 679 571 si
704 506 785 570 celia
808 506 898 592 peccel
922 505 1068 569 nondum
1095 504 1323 568 ceti-Arnim

51 619 129 671 turn
146 619 201 682 est,
220 608 355 671 *δέουσαν
372 627 410 671 ne
424 618 547 671 vetere:
573 616 610 669 et
625 608 659 671 ‘si
671 607 845 690 prohibite
857 607 993 688 impetire
1010 616 1175 671 trenacen·

51 709 158 784 deria,
176 729 275 791 neque
292 719 395 771 nretne
411 707 513 781 ultra,
532 727 632 791 neque
643 707 757 792 pedor
773 718 830 773 eet.

137 806 260 870 XXXI.
306 808 326 869 1
357 806 505 872 Personae
518 805 671 890 aptitudo,
688 813 743 870 aut
757 806 798 871 ad
811 803 1053 871 considerandas
1066 824 1175 870 causas

52 913 248 980 avertentes,
271 905 385 971 autad
403 905 613 992 suscipiendos
633 906 764 970 affectus
786 905 960 983 incitantes,
982 903 1175 971 considerari

54 1007 140 1074 solet
157 1005 188 1071 in
206 1007 346 1094 corporis
363 1005 510 1082 mixtura,
529 1013 633 1084 catate,
652 1028 739 1081 sexu,
763 1006 955 1083 educatione,
974 1005 1175 1071 circumstan-

54 1107 112 1174 tiis
129 1115 226 1173 actus.
267 1107 350 1171 Nam
367 1114 401 1172 et
416 1105 516 1192 pueri,
534 1113 567 1171 et
583 1105 716 1182 feminae,
730 1114 763 1170 et
780 1106 875 1171 crassi
888 1104 1006 1194 ingenii
1023 1102 1174 1182 hemines,

55 1208 204 1295 maleque
221 1206 355 1283 edueati,
374 1204 453 1292 justi
471 1214 504 1271 et
521 1204 636 1292 injusti,
660 1205 735 1272 liciti
753 1214 786 1271 et
802 1205 901 1272 illiciti
919 1204 1097 1271 discrimina
1118 1202 1176 1268 mi·

56 1331 120 1374 nus
134 1308 252 1373 habent
269 1307 414 1396 cognita:
433 1305 517 1372 etin
535 1306 647 1391 quibus
664 1304 735 1371 bilis
752 1305 914 1392 praevalet,
932 1303 1074 1371 iracundi
1090 1311 1174 1382 sunt,
1262 1311 1269 1342 ·’

56 1409 92 1475 in
111 1408 223 1496 quibus
239 1407 375 1496 sanguis,
401 1405 443 1472 ad
458 1427 605 1472 venerem
624 1406 737 1492 proni;
766 1412 833 1470 turn
849 1427 925 1471 vero
940 1405 1002 1470 huc
1014 1404 1175 1492 juventus,

57 1508 134 1575 illuc
149 1518 292 1575 senectus
308 1505 493 1596 propendet.
529 1504 729 1572 Andronicus
745 1505 906 1571 Rhodius·
929 1507 1088 1600 φαίνεται
1107 1503 1176 1573 roi·
1188 1518 1295 1604 {W
1294 1519 1318 1556 n

59 1639 116 1678 νυν
142 1638 195 1677 οτι
195 1605 407 1731 ἀπολογίαν
433 1635 509 1674 τινα
500 1597 636 1674 δίδωσι
656 1619 722 1679 τοῖς
748 1607 908 1699 αἰσχροῖς,
928 1633 970 1672 το
962 1599 1174 1700 πεφυκέναι
1189 1613 1219 1652 ¹⁰
1228 1622 1249 1661 Ρ·
1257 1613 1300 1650 “⁴

59 1704 147 1801 rrpde
164 1704 261 1785 aiei,
278 1707 330 1776 nei
349 1704 569 1798 ἀνεκτότερον
583 1707 671 1774 ποιεῖ
687 1736 730 1775 το
721 1701 912 1797 εγκλημα·
930 1706 1178 1790 videtnrsactia

60 1811 214 1894 torpidae
235 1809 454 1875 excaecationis
480 1809 613 1894 aliquid
638 1810 770 1893 adferre
799 1819 934 1881 nature,
962 1817 992 1871 et
1019 1806 1178 1872 delictum

59 1914 178 1997 efficere
205 1910 417 1974 tolerabilius.
465 1909 587 1974 lictum
614 1907 756 1974 accendit
780 1905 854 1971 mali
880 1903 1069 1970 imminentis
1093 1903 1178 1994 cogi-

60 2010 151 2089 tatio,
178 2017 212 2076 et
236 2007 429 2074 iracundiam
453 2029 564 2073 recens
586 2029 624 2072 ac
646 2007 778 2072 necdum
801 2005 929 2071 sedatus
950 2004 1049 2083 dolor,
1076 2003 1122 2071 ita
1141 2013 1178 2072 nt

60 2110 217 2177 rationem
234 2108 338 2175 audiri
360 2107 414 2176 rix
431 2106 555 2175 sinant:
581 2114 716 2193 suntque
733 2106 856 2172 illorum
880 2105 1048 2174 affectuum
1064 2102 1179 2172 delicta

1306 1563 1341 1604 vll.

62 2309 93 2345 n.
109 2295 139 2342 de
150 2294 305 2343 Sacerdotio:
322 2296 351 2343 oi
366 2293 417 2355 γᾰρ
431 2292 521 2342 deride
532 2294 598 2355 τρδς
645 2292 747 2341 δόσεως·
764 2292 804 2340 liic
820 2306 867 2339 non
882 2297 972 2340 tantam
982 2291 1084 2354 perine
1097 2292 1179 2354 diqni·

61 2371 95 2418 τδ
106 2373 159 2418 τῶν
169 2369 391 2429 παραπτωμάτων
401 2369 496 2431 μέτρον
504 2371 544 2417 δεῖ
555 2369 597 2416 καὶ
645 2373 763 2428 latamque
772 2369 873 2414 ostendit
882 2368 965 2415 ‚Iudai
974 2373 996 2414 et
1009 2367 1096 2426 Greci,
1104 2367 1148 2415 aed
1156 2370 1180 2415 ei

61 2445 111 2502 wir
124 2446 257 2505 ἐπιτιμίαν
272 2445 389 2507 ἐπάγειν.
407 2445 476 2493 ἀλλά
493 2444 536 2492 xci
550 2447 598 2500 τῆς
645 2441 758 2489 Judoenm
773 2443 818 2489 hoc
832 2443 885 2503 ipso
895 2443 1051 2504 preerat-eri
1064 2442 1130 2505 quod
1144 2443 1178 2490 le·
1212 2435 1218 2448 ‘

62 2525 116 2569 τῶν
129 2520 328 2582 ἁμαρτανόντων
344 2519 515 2580 στοχάζεσθαι
532 2536 597 2581 τρο·
645 2532 697 2579 qem
717 2519 841 2578 acceperit.
872 2519 924 2578 (Ad
944 2520 1050 2566 Roman.
1069 2532 1127 2580 pag.
1140 2521 1180 2568 82.

61 2597 191 2656 αιρέσεας,
205 2612 251 2643 non
261 2597 322 2644 enirn
331 2596 367 2642 ad
375 2596 451 2642 selam
464 2608 598 2642 menmram
646 2593 775 2652 Temen.)
785 2593 892 2641 Deinde:
902 2592 975 2654 δγᾰρ
985 2595 1105 2642 πλείονος
1113 2593 1180 2642 dro-

61 2674 202 2720 delictorum
216 2686 289 2732 paena
303 2670 443 2732 imponenda
457 2676 499 2726 eat,
519 2669 562 2716 ted
575 2674 598 2716 et
646 2668 743 2716 λούσας
760 2671 808 2724 τῆς
832 2669 1005 2727 διδασκαλίας,
1027 2669 1130 2731 μείζονα
1149 2669 1182 2718 de

61 2746 374 2808 inquirendumquiesnerit
383 2744 433 2802 eine
440 2745 482 2805 qai
488 2743 599 2804 peccavit
646 2742 684 2797 εἴη
693 2743 734 2788 καὶ
742 2743 867 2802 τιμωρίαν
873 2743 943 2805 dicor
953 2744 1180 2806 ὑπομεῖναιταρα·

61 2824 165 2870 animus.
196 2822 282 2880 (Tem.
295 2833 331 2867 ru.
342 2833 401 2880 pag.
413 2818 465 2877 10.)
645 2819 734 2876 νομῶν.
764 2818 884 2879 Numqui
893 2820 953 2880 plna
969 2820 1125 2867 institutionis
1138 2833 1182 2868 ac·

107 2905 120 2928 ¹
135 2896 187 2943 Lea
200 2895 330 2957 prohibens
346 2895 426 2941 omnia
441 2893 530 2941 delicta
544 2907 598 2940 een·
646 2893 714 2952 cepit,
736 2894 759 2940 is
773 2894 877 2954 majores
892 2896 965 2942 etiam
985 2901 1102 2943 contante
1121 2895 1182 2958 lepis

59 2971 178 3034 qeminat]
194 2971 262 3018 Bene
272 2969 473 3031 chrysostomus:
489 2966 598 3014 ἐνταῦθα
641 2983 727 3029 panus
737 2976 847 3018 macter.
878 2970 954 3030 (lbid.
966 2985 1023 3033 pag.
1035 2971 1089 3031 ³0.)

59 3051 91 3096 οὐ
107 3047 184 3106 μόνον
201 3045 331 3104 tamenta»
348 3047 458 3093 δείκνυσι
475 3043 597 3090 Ἰουδαίου
690 3044 796 3092 ⁴Locus
811 3047 858 3093 iste
873 3046 962 3102 Taciti,
976 3053 1043 3095 recto
1053 3059 1183 3109 expetam,

59 3123 248 3179 καὶἜλληνοτ,
262 3118 462 3168 ἀλλᾰκαὶτολὺ
476 3117 597 3166 τδνἸου·
646 3117 681 3165 nil
691 3119 723 3165 ad
732 3133 784 3166 rem
795 3119 863 3167 tacit.
893 3119 966 3167 m.

58 3200 135 3246 δαῖον
150 3197 304 3258 βαροῦμιυον
319 3195 372 3244 ἀτδ
390 3197 439 3250 τῆς
455 3195 502 3241 τοῦ
520 3193 597 3253 νόμον

60 3449 172 3522 rightly
184 3449 320 3513 directed,
335 3455 387 3504 not
404 3446 455 3502 the
469 3446 564 3502 nalrcd
578 3445 666 3502 delict
684 3453 715 3502 to
732 3446 769 3502 ba
781 3446 919 3519 regarded
933 3448 1008 3521 only,
1019 3448 1072 3504 but
1086 3454 1117 3505 at
1131 3447 1182 3506 the

61 3553 144 3593 same
156 3537 225 3591 tima
237 3535 287 3590 the
299 3535 453 3607 preceding
467 3533 523 3588 and
538 3534 706 3606 succeeding
717 3533 777 3589 life.
823 3533 850 3588 A
867 3534 920 3588 law
932 3535 1059 3590 directed
1072 3537 1184 3608 against

63 3641 85 3678 a
99 3623 204 3695 special
219 3623 272 3687 sin,
284 3621 310 3675 if
318 3621 450 3687 violated,
465 3620 535 3675 adds
550 3638 568 3674 a
579 3620 682 3692 degree
698 3621 731 3676 oi
743 3621 891 3693 depravity
903 3628 934 3675 to
951 3619 1016 3677 that
1028 3621 1120 3680 which
1131 3622 1182 3678 tha

64 3711 113 3767 sin
128 3710 165 3782 by
177 3709 258 3764 itseli
270 3709 362 3764 would
377 3715 429 3762 not
443 3706 524 3761 hare.
559 3707 597 3761 So
612 3708 780 3779 Angustiae,
792 3708 916 3763 Tacitus.

121 3797 236 3852 XXXI.
275 3801 290 3850 1
324 3790 434 3866 [Third
448 3799 521 3849 asto
537 3792 586 3848 the
602 3795 731 3865 aptitudo
747 3795 780 3850 oi
792 3794 842 3850 the
856 3787 984 3867 person]
1031 3794 1093 3851 The
1107 3797 1183 3869 apti·

65 3883 139 3940 tude
154 3884 187 3938 oi
205 3882 255 3940 the
276 3899 388 3956 person,
410 3879 503 3937 either
520 3887 551 3934 to
573 3881 704 3935 consider
719 3881 768 3936 the
783 3880 968 3952 withholding
982 3897 1089 3946 causes,
1103 3897 1137 3938 or
1151 3889 1183 3938 te

65 3970 125 4026 feel
141 3969 190 4025 the
204 3987 300 4042 power
318 3970 352 4025 oi
369 3968 419 4040 the
439 3966 587 4040 impelling
607 3967 762 4032 affectione,
784 3985 850 4041 may
870 3968 907 4023 be
923 3967 1091 4022 considered
1104 3984 1137 4022 aa
1151 3975 1183 4022 to

65 4056 113 4112 his
132 4057 324 4120 constitution,
348 4073 364 4109 a
384 4073 400 4110 e
427 4071 483 4117 sex,
503 4053 662 4117 education,
685 4053 741 4107 and
762 4054 811 4109 the
834 4055 1051 4109 circumstances
1078 4053 1111 4109 oi
1132 4052 1183 4110 the

66 4150 125 4200 act.
170 4143 228 4197 Fer
250 4141 387 4207 children,
413 4157 531 4205 women,
556 4157 673 4212 persons
696 4127 725 4194 oi
745 4140 805 4194 dull
828 4141 965 4204 intellect,
987 4097 1208 4211 ilseducatcdi

67 4245 195 4304 persons,
219 4244 268 4283 arc
283 4228 337 4282 less
353 4228 418 4282 able
437 4233 468 4283 to
483 4228 613 4300 perceirc
628 4227 677 4282 the
693 4227 859 4280 ‹litlcrcncea
880 4226 914 4280 oi
931 4227 991 4296 just
1006 4227 1062 4280 and
1077 4226 1184 4297 nnjust,
1208 4281 1210 4287 ,

67 4317 103 4373 oi
122 4315 215 4370 lawful
231 4314 287 4370 and
307 4300 1187 4384 uulawiuli‘tdese‘ffiffiffiffiffiffiffiffi

67 4403 151 4462 those
166 4404 196 4458 in
208 4403 301 4458 whom
319 4401 415 4470 blood,
433 4402 552 4470 lustiul;
569 4402 626 4458 and
641 4401 731 4476 youth
745 4399 828 4456 tende
843 4405 874 4454 to
889 4415 944 4455 ena
959 4399 993 4455 of
1004 4399 1085 4456 these
1098 4416 1183 4475 ways,
