2828 4920
94 218 164 273 usa
178 217 275 290 xva]
423 223 476 278 nn
498 222 880 283 rarnnrnurarroun.
1148 212 1212 281 177

93 408 156 473 que
173 387 284 455 eadem
301 410 395 458 causa
415 390 583 479 requitatis,
602 392 636 459 id
653 400 712 470 est,
731 391 861 459 rationis
876 411 947 478 qum
966 390 1032 457 sola
1048 399 1211 458 moverat:
1315 383 1317 385 ¹

92 488 146 554 Ita
171 488 381 568 interdictum,
408 495 552 559 ondeta
568 517 618 561 nse
642 497 678 560 oi
698 495 852 578 dejeceris
876 495 1063 559 icontinihna
1087 495 1212 562 coactis

92 593 285 668 armatisve,
298 590 400 658 locum
412 592 531 660 habere
543 595 695 661 adversus
710 617 832 660 omnem
846 593 909 660 vim
927 616 998 680 quae
1011 593 1053 660 ad
1070 600 1211 682 caputet

93 689 191 754 vitam
209 690 376 777 pertineat.
423 697 483 760 Ea
498 698 594 772 enim,
610 695 722 782 inquit,
732 697 926 782 pleramque
931 697 975 778 fit
987 717 1051 780 per
1065 697 1209 765 hortinas
1221 715 1272 768 cna
1282 716 1314 756 se.

25 871 28 874 ‚
91 803 222 858 coactor
247 805 478 879 armatosque:
511 819 584 883 qna
606 798 637 862 si
660 797 728 862 alio
752 797 897 873 castrilio,
921 796 1029 861 eodem
1057 797 1209 880 periculo

79 893 187 974 faeta
204 893 259 968 cit,
277 897 385 961 eodem
394 896 473 980 jare
489 919 556 964 esce
573 899 751 964 voluerant.
804 896 843 960 ln
863 893 1090 960 declamatione
1106 896 1207 982 patris

93 990 279 1069 Quintiliani
296 996 474 1084 exemplum
492 998 551 1063 hoo
568 1006 635 1064 cst:
655 999 768 1065 Coedec
783 998 913 1062 uidetur
925 997 1114 1081 aiyrn'fieare
1130 1019 1206 1063 aaa·
1219 1011 1276 1052 Μ
1286 1011 1329 1052 ²³⁰·

88 1095 222 1178 quinem
239 1107 270 1162 et
285 1098 444 1181 ferram:
468 1100 501 1165 si
522 1101 597 1185 qnia
613 1100 682 1164 alio
701 1121 815 1182 qaaere
831 1099 924 1162 honio
938 1098 1052 1180 fucrit
1069 1098 1205 1175 occisae,

90 1195 139 1258 ad
155 1195 251 1260 illam
266 1198 363 1283 leyem
380 1211 585 1265 revertemur.
621 1201 665 1266 Si
680 1201 837 1265 inciderit
854 1200 891 1262 ia
906 1197 1059 1273 latrones,
1078 1197 1156 1264 ¹aat
1168 1201 1207 1264 in

89 1317 199 1380 aquae
218 1296 462 1384 precipitatur,
486 1301 519 1366 ei
540 1301 579 1365 ia
607 1301 755 1386 aliquam
780 1302 972 1364 immensam
995 1297 1207 1364 altitudinem

89 1396 231 1480 dey'cctas
245 1401 367 1484 faerit,
394 1402 507 1465 eadem
533 1403 599 1486 iege
621 1402 848 1466 vindicabitur
869 1421 936 1485 qua
960 1399 1018 1464 ille
1034 1399 1094 1486 qai
1107 1401 1206 1484 serre

85 1519 264 1582 perentam
292 1502 346 1566 eit.
401 1499 516 1566 Similis
546 1510 595 1567 est
623 1498 856 1588 argumentatio
882 1497 953 1564 Isaei
988 1496 1132 1565 oratione
1166 1499 1207 1566 do

90 1598 211 1684 Pyrrhi
234 1599 420 1676 hereditate,
447 1622 630 1667 cumeneo
654 1601 739 1686 quod
764 1608 985 1666 testamentum
1003 1596 1112 1666 Attica
1135 1596 1207 1689 lege

90 1697 224 1764 vetitum
240 1708 324 1766 esset
344 1699 412 1766 lieri
430 1701 494 1768 tilia
510 1701 621 1779 inrita,
643 1699 750 1778 infert,
777 1721 817 1766 ne
834 1698 1035 1788 adoptionem
1061 1692 1207 1788 ²quidem

90 1819 131 1864 ea
145 1797 245 1865 iuvita
262 1799 414 1888 permitti.

167 1898 259 1966 XXI.
300 1901 407 1988 Atque
423 1900 496 1968 hinc
513 1902 663 1970 solvenda
682 1911 731 1970 est
754 1902 886 1971 celebris
904 1902 959 1971 illa
976 1901 1116 1990 qaeestio,
1135 1923 1208 1990 qua»

91 2009 124 2067 et
148 2001 235 2088 apud
259 2001 395 2068 Gellium
416 2010 465 2068 est
489 2002 529 2069 de
551 2005 710 2103 mandato,
732 2027 774 2070 an
795 2004 919 2094 impleri
940 2003 1039 2094 possit
1062 2025 1126 2070 non
1148 2024 1208 2091 per
1220 2013 1288 2055 Lib-¹·
1299 2015 1329 2056 ¹²

90 2159 157 2206 Idem
166 2161 246 2208 nalem
254 2160 379 2221 sponsalia
389 2160 454 2220 quod
462 2160 559 2220 nuptia.
585 2160 625 2208 Sic
675 2161 805 2222 redemquc
817 2162 930 2218 seribere,
940 2160 985 2208 nisi
995 2160 1034 2218 cui
1049 2160 1118 2221 print
1133 2161 1208 2209 etism

91 2236 115 2280 in
126 2235 181 2296 lege
192 2250 237 2298 per
253 2237 347 2283 Mosam
364 2236 422 2282 data
436 2238 481 2282 enh
496 2237 564 2282 boris
579 2250 623 2282 no·
676 2233 701 2280 in
717 2235 895 2282 matrimonium
911 2234 1208 2295 collocaveritjuxtulse.

90 2313 155 2359 mine
182 2314 354 2373 intelliguntur
380 2312 462 2360 omnia
492 2313 625 2361 aninnntia
675 2323 732 2369 gem
754 2311 858 2357 Athenis
885 2311 1051 2358 constitutam.
1081 2312 1208 2372 Deceptus

90 2395 229 2437 mausueta:
244 2392 289 2436 snb
299 2390 396 2436 nomine
407 2389 475 2449 putei
485 2391 623 2451 iosaaquae-
665 2386 815 2432 'estAuetor
824 2387 856 2432 ab
871 2386 1011 2447 interprete
1023 2385 1112 2433 Latino
1127 2385 1208 2433 intell.

89 2463 133 2519 va,
144 2465 224 2512 uxori
237 2465 286 2511 xxi.
302 2466 340 2529 ee.
356 2468 382 2511 a
394 2465 433 2511 aa
464 2463 623 2512 caesanam
675 2451 778 2518 eramo,
789 2463 830 2523 qui
841 2462 884 2509 aar
894 2463 1002 2509 aarum
1016 2463 1097 2517 vertit,
1108 2461 1134 2508 a
1148 2463 1207 2511 sna-

92 2537 211 2600 Cataloqo
219 2539 305 2601 aleria
313 2539 399 2586 mundi
408 2551 434 2586 r.
445 2542 523 2600 parte,
533 2538 624 2587 consid.
674 2551 728 2583 rum
749 2536 877 2600 [tiliarum]
899 2537 1020 2584 arbitrio:
1042 2543 1068 2584 et
1083 2536 1141 2586 ἄνευ
1155 2540 1209 2588 τῶν

89 2616 126 2664 49.
675 2611 830 2673 θυγατέρων,
840 2613 1039 2673 imciitfilt'abttt,
1053 2627 1100 2660 non
1112 2615 1208 2662 comiti·

135 2690 142 2719 ¹
160 2690 243 2737 Editio
256 2690 373 2738 Obrechti
383 2690 473 2738 habet:
491 2689 520 2737 Si
529 2691 622 2737 oecide-
673 2688 720 2734 tis.-
736 2702 810 2748 quum
821 2688 873 2734 haeo
887 2688 1033 2748 significent,
1045 2702 1093 2735 non
1101 2690 1208 2738 sinoillis

88 2767 122 2814 rit
132 2766 158 2813 in
167 2767 273 2814 latrinas
282 2765 375 2814 antire.
390 2766 623 2826 quodomninorec-
674 2765 789 2810 uxoribus
807 2764 886 2811 ductis
903 2766 934 2810 ab
949 2778 986 2822 eo,
1001 2765 1043 2825 qui
1058 2769 1207 2815 testamento

88 2844 193 2891 timeat.
222 2843 292 2893 Μ,
674 2840 744 2886 heres
759 2840 902 2886 instituitur.
932 2841 1005 2888 Adde
1018 2840 1072 2888 Viri
1085 2841 1207 2889 Eruditis·

133 2917 145 2947 '
158 2919 239 2966 Locus
256 2923 295 2967 est
309 2933 367 2982 pag.
384 2920 437 2967 400.
453 2918 525 2966 Edit.
544 2918 621 2966 Weeh.
673 2915 727 2960 simi
738 2914 792 2973 dac.
804 2913 921 2962 Perizonii
930 2915 1034 2964 Ditem.
1047 2914 1133 2964 Triari.
1139 2915 1206 2966 Dies.

87 2994 130 3040 sed
140 2995 183 3041 nbi
193 2995 240 3042 hoo
249 2999 345 3042 tanturn
355 2996 452 3053 dicitur,
468 2995 565 3042 Patrem
579 2994 621 3054 qui
673 3003 703 3038 11.
714 3004 771 3051 pag.
782 2990 820 3046 60,
828 2995 852 3036 et
860 3004 924 3052 seqq.
934 2992 977 3038 ubi
986 2997 1053 3040 reete
1067 2993 1148 3040 locum
1163 3006 1208 3040 ex·

87 3069 233 3131 scintiliae,
250 3085 280 3117 ex
290 3070 360 3131 justo
375 3070 529 3116 matrimonio
544 3071 621 3126 natus,
673 3066 744 3128 ponit
752 3082 759 3124 ;
775 3070 804 3112 ut
818 3065 910 3113 dudum
924 3073 981 3128 post
991 3068 1042 3117 heo
1052 3068 1143 3130 scripu
1152 3068 1207 3117 mi·

86 3145 211 3207 relinquit,
226 3147 347 3195 neminem
361 3160 432 3208 posse
442 3146 567 3207 adoptare,
578 3144 621 3191 he·
672 3141 799 3190 madrerti.
828 3140 856 3189 J.
869 3141 903 3188 B.

87 3391 230 3456 interdici,
259 3392 336 3447 Unde
358 3400 389 3447 tn
416 3409 457 3447 me
485 3392 513 3445 ci
530 3390 651 3464 dejeceris
672 3390 824 3446 honeinibas
845 3389 943 3446 coacta
968 3389 1123 3452 armatisve,
1147 3389 1206 3446 will

88 3478 158 3533 hold
176 3478 287 3550 against
304 3479 341 3532 all
360 3479 440 3534 force
462 3478 657 3551 andaugering
675 3479 734 3543 life,
753 3476 863 3549 though
881 3477 962 3532 there
980 3492 1046 3548 may
1063 3482 1115 3531 not
1131 3475 1169 3533 be
1186 3493 1206 3534 ι

86 3565 165 3637 body
184 3565 217 3619 of
237 3565 335 3620 armed
355 3582 430 3619 men.
465 3565 504 3619 As
527 3565 627 3621 Cicero
646 3583 719 3638 says,
742 3565 791 3621 tha
814 3563 888 3636 legal
908 3563 993 3619 effect
1011 3562 1035 3616 is
1050 3562 1099 3618 the
1113 3579 1202 3620 same.

88 3653 128 3706 So
144 3652 302 3716 Quintilian
316 3669 388 3725 says,
406 3653 525 3706 ilas-cler
539 3669 629 3708 seems
644 3659 675 3708 to
692 3652 781 3724 imply
795 3651 866 3708 steel
884 3665 1015 3722 weapous
1030 3648 1086 3704 aud
1100 3649 1204 3718 hloodg

86 3739 140 3794 hut
154 3739 180 3793 it
192 3756 249 3811 any
264 3756 318 3795 ouo
334 3741 357 3794 is
372 3738 459 3792 killed
479 3739 507 3791 in
524 3755 580 3810 any
594 3738 678 3793 other
692 3757 762 3808 way,
777 3756 818 3793 we
832 3738 891 3792 still
911 3752 995 3792 reeur
1008 3742 1039 3790 to
1054 3735 1118 3791 that
1131 3736 1204 3794 lawe

86 3826 134 3881 ior
145 3827 282 3892 instance,
293 3827 319 3881 is
327 3826 377 3883 the
389 3843 455 3880 man
468 3826 504 3880 be
516 3825 626 3879 thrown
639 3825 714 3879 from
726 3842 742 3879 a
756 3825 906 3895 precipiee.
931 3824 970 3878 So
980 3823 1074 3888 Isseus,
1082 3822 1205 3880 because

86 3913 126 3985 by
140 3912 190 3969 the
204 3914 283 3969 Attio
296 3915 364 3969 Law
380 3931 397 3968 a
411 3917 565 3968 testament
580 3911 664 3966 could
679 3920 729 3966 not
744 3911 781 3965 hc
796 3911 879 3966 mede
894 3907 944 3982 [by
959 3927 977 3965 a
991 3909 1087 3965 father
1099 3908 1205 3982 haring

86 4016 125 4054 no
143 3997 208 4068 son]
222 4003 333 4072 against
349 4002 400 4057 tho
417 4001 473 4054 will
487 3999 520 4055 of
534 4015 552 4053 a
567 3997 716 4068 daughter,
733 3997 821 4053 infers
839 3998 956 4054 thatun
967 3997 1104 4072 adoption
1119 3995 1206 4055 could

86 4091 138 4142 not
152 4087 187 4141 bc
202 4087 285 4141 made
299 4087 420 4143 without
433 4088 487 4143 her
498 4091 624 4142 consent.

145 4173 229 4228 XXI.
267 4173 333 4228 And
356 4191 394 4229 on
418 4174 499 4230 these
521 4170 674 4245 principles
698 4170 721 4225 is
742 4177 773 4225 to
791 4171 828 4227 be
845 4170 942 4226 selred
960 4169 1024 4226 that
1041 4166 1205 4226 celebrated

86 4257 219 4330 question
237 4259 329 4314 which
347 4278 388 4316 wo
406 4261 479 4317 hare
501 4261 531 4314 in
550 4258 668 4319 Gellius,
685 4257 774 4312 about
791 4275 809 4312 a
827 4256 1021 4322 commission3
1038 4254 1166 4312 whether
1179 4255 1204 4313 it

86 4362 153 4418 may
173 4346 209 4402 be
228 4346 360 4412 iulhlled,
374 4353 425 4403 not
443 4347 482 4419 by
497 4344 698 4402 theidentical
712 4344 794 4415 thing
809 4343 945 4409 directed,
964 4344 1017 4399 hut
1030 4343 1069 4415 by
1083 4342 1205 4400 another

85 4433 200 4507 equally
214 4434 309 4492 ueeiul
328 4450 362 4491 or
381 4451 460 4492 moro
476 4432 569 4489 useful
585 4431 656 4489 than
674 4430 738 4489 thot
756 4430 849 4488 which
869 4447 925 4487 was
946 4429 1077 4504 enjoined
1091 4430 1130 4508 by
1142 4428 1206 4491 him

185 4584 306 4674 [onon
330 4582 386 4679 rt]
1057 4531 1106 4598 U
