2828 4920
72 239 149 296 Cur.
163 233 290 308 xxiv]
337 239 469 295 JUSTIS
493 237 630 296 CAUSIS
653 239 912 296 SUSCIPIENDO
935 239 1071 297 BELLO.
1129 233 1192 296 415

64 404 191 491 patris
206 405 353 490 officium.
397 402 511 470 Pittaci
528 403 644 470 dictum
661 403 770 471 laudat
783 405 928 472 Julianus
943 399 1174 495 imperator:
1156 435 1191 477 os

72 533 145 586 την
166 499 375 593 συγγνώμην
397 507 460 586 τῆς
484 506 637 598 τιμωρίας
658 507 840 595 προετίθει,
864 509 922 591 quai
941 510 1071 573 vertiam
1086 479 1228 594 μιιιιιιιι50

62 606 284 692 praeferebat.
330 605 514 670 Libanius
506 604 703 671 moratione
731 607 771 672 de
799 606 950 673 seditione
975 607 1191 676 Antiocheno:

70 704 134 792 qui
155 705 269 783 Deo,
247 704 371 829 *inquit
348 705 506 771 tsimilis
531 727 599 771 esse
621 706 699 782 vult,
725 702 833 801 ἀφιείς
857 709 1014 800 τιμωρίας
1040 703 1192 802 χαιρέτω

70 798 263 888 μᾶλλονη
293 802 488 894 λαμβάνων,
521 807 629 892 magis
655 809 802 892 guadeat
828 810 1062 876 condonatione
1090 831 1192 897 quom

63 910 189 994 poena

64 1017 67 1021 ’
158 1008 180 1072 3
212 1007 376 1072 Interdum
402 1029 449 1072 ete
473 1015 546 1073 sunt
572 1029 680 1074 rerum
704 1006 954 1088 circumstantiae,
979 1017 1016 1076 ut
1036 1007 1110 1096 jure
1136 1031 1192 1074 suo

74 1106 241 1173 abstinere
266 1129 329 1173 non
353 1106 510 1174 laudabile
533 1116 656 1174 tautum
681 1107 731 1185 sit,
755 1109 867 1175 sedet
894 1109 1045 1193 debitum,
1071 1108 1192 1175 ratione

74 1207 159 1295 ejus,
185 1228 278 1294 quam
295 1207 472 1273 hominibus
489 1207 583 1273 etiam
607 1207 737 1273 inimicis
755 1209 903 1275 debemus
920 1208 1101 1285 dilectionis,
1129 1209 1193 1275 sire

75 1308 112 1373 in
131 1330 166 1373 se
182 1316 342 1396 spectatae,
366 1307 432 1374 sive
449 1307 585 1395 qualiter
602 1330 671 1374 eam
688 1309 789 1398 exigit
808 1310 1002 1375 sanctissima
1018 1309 1070 1375 lex
1087 1311 1193 1375 Eran-

78 1407 167 1496 gelii.
220 1408 272 1474 Sic
299 1408 450 1496 quosdam
478 1429 545 1475 esse
570 1408 713 1485 diximus,
740 1431 798 1496 pro
824 1431 966 1496 qaorum,
993 1409 1115 1475 etiamsi
1137 1432 1195 1476 nos

76 1508 245 1596 impetant,
272 1508 373 1575 salute
396 1516 529 1574 mortem
547 1517 657 1597 optare
679 1510 856 1586 debeamus,
885 1510 968 1595 quod
986 1531 1039 1575 eos
1062 1508 1194 1575 sciamus

78 1607 130 1674 rei
146 1609 300 1675 communi
317 1609 463 1674 humanae
480 1617 536 1674 aut
553 1609 741 1676 necessarios
761 1617 817 1675 aut
834 1609 927 1675 valde
944 1609 1044 1676 utiles
1091 1609 1126 1675 Si
1142 1631 1195 1674 res

79 1709 234 1795 quasdam
257 1708 377 1798 negligi
395 1707 463 1774 vult
484 1708 638 1786 Christus,
664 1732 704 1775 nc
721 1711 791 1776 lites
810 1710 990 1786 subeuntur,
1016 1718 1106 1775 tanto
1127 1730 1194 1774 ore-

80 1807 221 1874 dendum
245 1817 294 1874 est
317 1807 438 1896 majora
460 1830 481 1873 a
505 1807 595 1874 nobis
628 1809 746 1899 negligi
772 1809 914 1888 voluisse,
949 1830 990 1875 ne
1013 1809 1056 1875 ad
1078 1807 1195 1876 bellum

79 1916 182 1988 eatur,
202 1918 318 1996 quanto
336 1908 452 1975 bellum
468 1908 524 1975 lite
541 1917 589 1975 est
603 1910 773 1977 nocentius.

78 2104 250 2162 ἰη’σανταςὶκ
262 2105 362 2153 παντὸς
374 2104 473 2163 τρόπον
486 2103 613 2166 κολάζειν,
663 2109 748 2150 nostra
762 2108 817 2150 mat
831 2104 947 2164 extranei,
961 2106 1123 2164 remmus,
1141 2121 1196 2168 quoe

79 2175 152 2224 ἀλλὰ
169 2177 230 2225 τοὺς
247 2177 291 2225 ἐπὶ
308 2183 365 2224 τοῖς
381 2177 564 2238 ἡμαρτημένοις
579 2176 613 2235 μη“
666 2179 762 2226 Christo
780 2180 909 2236 exhibetur,
925 2184 1016 2226 tantam
1030 2194 1086 2237 esse,
1103 2186 1129 2227 ut
1142 2183 1196 2229 cui·

79 2253 347 2313 μεταδιδασκομένονς·
361 2268 408 2299 aon
421 2268 498 2299 omnes
511 2253 612 2307 erantne,
663 2254 720 2300 libet
728 2255 844 2314 potestati
855 2254 949 2310 injiciat
955 2254 1059 2314 sroenos.
1089 2255 1194 2304 Honora

80 2327 124 2388 qui
133 2326 261 2389 deliquere,
268 2329 385 2388 ριοιίιιιᾱί
394 2333 455 2384 siant,
464 2328 507 2374 sed
517 2329 542 2384 ii,
553 2341 612 2388 quos
663 2329 782 2376 dominum
798 2336 877 2377 tuum:
900 2331 1007 2377 condona
1023 2337 1124 2391 peccata
1141 2347 1196 2380 σοιι-

79 2403 144 2450 male
152 2403 279 2465 sactorum
295 2404 357 2450 nihil
368 2404 472 2464 poenitct.
508 2403 542 2463 (E
558 2404 611 2450 Lib.
662 2407 804 2462 seroistais,
818 2407 1137 2470 ιιιειίριειιιιιὶιοιιιαρίιιι
1150 2409 1194 2456 ho·

80 2477 248 2538 xx1.n.17.)
280 2477 464 2538 chrysostomus
480 2477 510 2523 de
520 2477 613 2524 Statuit
663 2487 738 2536 noret,
755 2487 781 2527 ut
798 2482 823 2527 in
840 2482 980 2541 itlojuriicii
995 2484 1034 2530 die
1047 2486 1135 2531 uultum
1151 2485 1196 2532 tibi

82 2567 118 2603 νι.
147 2553 233 2613 (Tem.
249 2568 286 2601 vr.
308 2568 333 2614 p.
346 2555 399 2600 504.
430 2553 499 2600 Edit.
520 2552 612 2613 Socii.)
663 2557 771 2602 ostendat
779 2571 885 2602 serenum
895 2563 966 2618 atque
976 2559 1113 2618 sternentem,
1125 2560 1196 2619 hujus

79 2627 232 2691 μαθέτωσαν
246 2629 269 2676 ol
286 2628 395 2676 ἄπιστοι
412 2627 518 2684 ardores,
540 2627 612 2674 ὅτιὸ
664 2636 708 2677 ture
728 2631 833 2677 lenitatis
850 2647 944 2680 mmor.
976 2633 1044 2682 ciat
1064 2635 1197 2682 Gratianus

79 2706 129 2753 τοῦ
150 2705 266 2765 Χριστοῦ
286 2705 368 2764 φόβοι
390 2706 478 2750 τασαν
497 2704 614 2764 ἐξουσίαν
664 2719 736 2752 eausa
750 2708 979 2766 xx111.quaest.iv.
1000 2723 1031 2756 ex
1048 2710 1196 2770 Augustino,

80 2782 187 2829 δόναται
206 2779 336 2840 χαλινοῡν.
361 2778 470 2840 δόξασόν
495 2796 541 2826 σου
567 2779 614 2825 τόν
666 2779 722 2842 [aut
738 2782 819 2840 potius
836 2782 910 2840 Beda,
926 2783 950 2828 iu
960 2784 1042 2832 Galat.
1053 2799 1076 2834 c.
1085 2784 1127 2848 li]:
1147 2787 1195 2834 duo

81 2856 221 2914 δεσπότην,
245 2861 302 2902 τοῖς
326 2854 469 2902 συνδούλοις
489 2854 554 2912 ιίφει
579 2855 614 2901 rra*
664 2855 713 2900 aaa
726 2856 820 2900 nomina
833 2870 884 2901 crem
898 2857 1005 2917 diritatis,
1022 2860 1090 2907 bomo
1104 2866 1126 2907 et
1137 2876 1195 2922 pec-

81 2930 264 2991 ἁμαρτήματα,
278 2932 319 2977 ἰνα
335 2929 378 2976 sul
388 2930 464 2976 αὑτός
475 2947 504 2976 σε
519 2929 614 2991 δοξιίση
664 2937 739 2988 ector,
750 2945 795 2977 ιιοιι
806 2933 988 2993 utiqucfrustra
995 2936 1124 2985 dicuntur.-
1136 2939 1197 3000 qaia

80 3005 208 3066 μειζόνως,
222 3007 265 3052 ’ἱνα
274 3004 367 3066 ἥμερόν
377 3022 419 3052 σοι
429 3004 497 3052 sard
510 3005 559 3059 την
567 3007 614 3056 τῆς
664 3012 775 3066 peccator
784 3012 826 3066 est,
839 3009 947 3068 corra'yre:
965 3011 1024 3070 quia
1035 3012 1112 3070 homo,
1125 3014 1196 3060 mise·

80 3083 187 3141 arpinus
199 3080 373 3142 ἡμέρανδιίξη
384 3082 416 3127 τδ
430 3079 498 3140 ὄμμα
509 3083 550 3128 καί
566 3099 614 3142 γα·
664 3096 734 3128 rere:
757 3083 810 3128 vide
828 3086 853 3128 et
871 3098 925 3142 quse
941 3092 1082 3145 sequuntur,
1099 3093 1125 3134 et
1140 3103 1196 3149 quae

81 3157 167 3214 ληνόν,
180 3158 278 3212 ταύτης
293 3155 443 3216 μεμνημένος
457 3174 503 3203 σον
512 3159 559 3212 τῆς
569 3162 614 3216 φι-
664 3171 738 3218 supra
746 3158 868 3218 posuimus
878 3160 909 3205 ad
919 3167 993 3221 eaput
1002 3177 1042 3209 xx.
1054 3161 1069 3224 ξ
1080 3165 1118 3213 12.
1130 3162 1145 3225 5
1156 3165 1195 3214 26.

80 3232 252 3291 λανθρωτίας·
267 3232 362 3278 discant
379 3245 463 3288 omnes,
479 3231 522 3292 qui
533 3232 615 3293 asido
664 3232 739 3281 etssb'.

141 3485 158 3535 3
182 3479 353 3534 Sometimes
368 3478 419 3534 tho
433 3479 651 3536 circumstances
670 3481 705 3537 ot*
717 3479 767 3536 tho
784 3497 848 3536 case
862 3497 911 3536 aro
925 3479 1002 3546 such,
1016 3480 1081 3538 that
1097 3487 1128 3539 to
1142 3483 1194 3540 ab-

80 3564 155 3622 stoin
163 3566 237 3620 from
247 3567 402 3637 exorcising
412 3566 487 3621 ono's
499 3566 575 3636 right
586 3569 609 3622 is
622 3568 748 3640 notonly
758 3567 898 3631 laudable‚
907 3567 959 3621 hut
971 3585 988 3622 a
1000 3569 1083 3641 duty;
1095 3571 1194 3644 taking

80 3659 203 3708 account
218 3653 253 3707 of
264 3653 313 3708 tho
335 3653 468 3707 kindnoss
492 3653 583 3708 which
597 3671 639 3709 wo
657 3672 717 3710 owe
735 3672 806 3710 esen
826 3662 856 3708 to
875 3655 1007 3719 errenrios,
1022 3656 1115 3712 either
1126 3674 1194 3712 eon·

79 3739 194 3796 sidered
209 3739 240 3793 in
255 3739 341 3805 itsolf,
355 3757 387 3793 or
402 3740 432 3793 in
452 3738 502 3794 tho
522 3758 584 3812 way
599 3741 627 3794 in
644 3741 733 3795 ulrich
752 3741 801 3796 tho
816 3740 884 3811 holy
899 3741 952 3794 law
971 3741 1005 3795 oi
1018 3743 1067 3797 the
1087 3744 1194 3817 Gospel

79 3827 208 3898 requires
224 3827 247 3881 it
261 3826 295 3881 of
303 3843 345 3882 us.
391 3826 456 3880 hod
469 3825 543 3890 thus,
560 3844 601 3883 we
617 3827 689 3883 haro
706 3828 767 3883 said
779 3827 843 3882 that
860 3826 942 3882 thero
958 3845 1007 3883 aro
1023 3845 1102 3885 some
1116 3847 1194 3888 cases

80 3916 112 3968 in
123 3913 225 3978 which,
239 3929 309 3968 oven
322 3913 403 3968 when
416 3929 457 3968 we
469 3930 517 3968 are
533 3914 674 3978 attached,
689 3933 730 3970 uo
744 3913 833 3985 ought
845 3922 875 3969 to
888 3914 984 3986 prefer
995 3914 1045 3970 tho
1057 3917 1195 3974 salvatiou

80 4000 116 4056 of
132 4000 182 4055 the
199 4001 341 4065 assailant,
356 4017 427 4056 esen
445 4006 475 4054 to
496 4017 549 4055 our
566 4017 629 4056 own
645 4001 705 4067 life,
722 4001 842 4056 because
861 4017 903 4056 uo
923 4001 1007 4056 know
1023 4001 1083 4056 him
1106 4011 1136 4059 to
1157 4004 1195 4060 bo

80 4086 176 4143 either
189 4103 338 4158 necessary
358 4103 391 4141 or
405 4089 560 4160 extremely
572 4089 665 4143 useful
686 4097 717 4143 to
736 4089 786 4144 tho
804 4089 919 4159 general
937 4089 1068 4144 interests
1088 4090 1123 4145 oi
1140 4090 1195 4146 hu-

31 4195 33 4201 ’
80 4175 200 4245 manity.
238 4173 268 4227 Ii
280 4173 375 4229 Christ
392 4175 501 4244 enjoins
515 4176 578 4230 that
596 4192 674 4231 some
693 4176 788 4247 things
807 4193 856 4230 aro
874 4183 905 4229 to
920 4175 956 4229 bo
971 4177 1054 4246 gisen
1069 4194 1108 4249 up
1127 4179 1195 4251 only

80 4268 113 4318 to
126 4259 208 4315 avoid
220 4261 308 4326 strife,
320 4277 362 4316 wo
376 4267 453 4316 must
473 4263 531 4317 still
551 4279 630 4319 moro
643 4263 752 4319 believe
767 4262 830 4318 that
843 4262 879 4317 he
894 4263 984 4316 would
1002 4261 1074 4318 have
1086 4281 1119 4320 us
1131 4265 1195 4338 giro

81 4365 122 4420 up
136 4353 250 4420 greater
263 4347 357 4420 things
375 4349 473 4404 rather
490 4349 559 4407 than
577 4367 614 4425 go
632 4356 662 4408 to
681 4367 747 4418 war,
764 4351 842 4407 since
860 4366 918 4404 war
934 4349 958 4403 is
970 4366 1001 4406 so
1018 4351 1103 4407 much
1116 4369 1196 4409 more

81 4434 195 4491 hurtfnl
210 4433 280 4492 thau
295 4452 374 4494 mero
388 4436 478 4495 strifo.

1206 431 1266 470 orat
1273 429 1295 469 tl.
1305 441 1326 480 p.

1205 1021 1280 1060 tloitn.
1289 1021 1351 1060 tract.

1208 1069 1235 1106 ll.
1244 1068 1334 1107 aanor.

1205 1114 1260 1161 disp.
1269 1114 1309 1151 uta

1206 1159 1334 1207 Lorcsds'sp.

1206 1207 1247 1244 lat.
1256 1215 1278 1244 n
1289 1206 1318 1243 ll.

1205 1253 1275 1302 AEotrt
1283 1250 1361 1336 Reande

1205 1291 1245 1337 aci.
1254 1307 1280 1336 ιιι

1205 1346 1299 1393 abacti.
1307 1308 1357 1383 aaa

1205 1391 1255 1434 M·
1265 1390 1307 1434 ¹⁰7·
