2828 4920
210 206 278 273 ret
537 216 593 274 ou
613 215 715 275 ruer
737 214 991 275 snrmrunn.
1200 162 1337 282 [nasu

211 380 346 452 hominis
367 403 481 470 eorpus
495 385 555 450 ‘ex
576 391 663 450 terra
685 391 790 450 ortum
810 389 907 449 terre
924 379 1043 458 deberi,
1065 398 1131 446 non
1148 376 1245 445 Deus
1266 386 1338 444 tan-

212 492 279 550 tum
298 481 419 549 Adamo
436 481 544 557 edixit,
568 483 624 550 sed
641 492 674 551 et
689 481 793 551 Grmci
816 480 983 569 Latinique
1004 478 1120 570 passim
1143 486 1335 569 agnoscunt.

46 590 185 679 ,ΨΜ
215 582 325 650 Ureero
341 602 382 649 ex
399 581 560 671 Euripidis
577 582 778 672 Hypsipyle:

562 703 722 762 Reddenda
736 711 820 761 terrm
831 708 919 760 terra.

48 821 107 864 test
116 821 182 868 rur.
212 802 258 871 Et
272 800 359 891 quod
371 801 457 892 apud
470 803 666 872 Salomonem
681 802 814 892 legimus
825 801 988 889 pulsorem
1005 798 1132 886 quidem
1147 799 1192 868 ad
1209 808 1335 868 terram

212 903 320 970 redire
344 903 437 990 qunle
462 903 575 982 iuerat,
602 902 746 991 spiritum
775 912 882 970 autern
906 899 948 967 ad
971 899 1076 966 Deum
1103 898 1159 988 qui
1184 901 1335 978 dederat,

212 1002 382 1092 Euripides
397 1005 457 1071 hoe
479 1004 580 1094 ipsum
602 1011 822 1093 argumentum
839 1024 880 1068 ex
897 995 1032 1089 persona
1054 998 1171 1068 Thesei
1186 999 1224 1067 ia
1249 1005 1336 1088 Sup-

207 1104 355 1192 pliciter
371 1113 512 1172 tractans
527 1103 571 1170 sio
587 1105 632 1171 ait
650 1106 746 1189 (vers.
762 1105 841 1182 531,
858 1109 892 1168 et
907 1102 1028 1187 seqq.):

432 1224 500 1280 Jam
514 1225 598 1281 sinite
613 1231 696 1281 ternu
708 1230 836 1279 mortuos
850 1220 958 1295 grendo
972 1218 1052 1291 tegi:

433 1311 493 1367 Res
507 1312 717 1384 undecumque
731 1319 871 1367 sumserat
884 1306 1072 1382 primordium

432 1396 477 1452 Eo
491 1399 643 1472 recipitur:
667 1399 782 1470 spiritus
797 1397 868 1454 coelo
880 1395 964 1461 rodit,

433 1483 600 1558 Corpusque
614 1492 714 1540 terrm:
734 1486 800 1556 iure
814 1501 868 1540 nee
882 1483 960 1539 euim
973 1481 1116 1554 maneupi

433 1570 493 1627 Sed
507 1570 600 1628 brevis
614 1571 651 1626 ad
666 1571 718 1626 reri
734 1577 846 1644 tompus
860 1569 1000 1626 utendum
1012 1568 1112 1624 datur:

432 1657 501 1713 Mor
515 1664 592 1714 terra
607 1659 711 1731 repetit
727 1658 788 1731 ipsa
802 1658 880 1730 quod
894 1657 1060 1712 nutriverat.

215 1753 380 1822 Lueretius
393 1755 535 1823 similiter
551 1756 591 1824 de
608 1767 697 1823 terra
714 1756 797 1841 (Lib.
815 1779 847 1823 v.
864 1777 945 1823 vers
965 1756 1088 1841 1260):

347 1877 536 1951 Omnipureus
547 1877 648 1933 eadem
663 1894 758 1933 rerum
773 1883 817 1933 est
831 1893 982 1933 commune
997 1873 1190 1949 uopuichrum.

217 1974 326 2043 Cicero
343 1977 383 2043 de
399 1978 543 2062 Lepidae
560 1997 594 2042 11.
613 1997 653 2042 ex
671 1977 902 2064 Xenophonte:
919 1977 1072 2043 redditur
1088 1987 1186 2041 teme
1200 1996 1338 2060 eorpus,

215 2089 246 2143 et
263 2079 315 2143 ita
332 2077 474 2144 locatim
491 2100 532 2144 ee
551 2079 653 2143 :ittam
668 2079 766 2164 quasi
785 2079 981 2164 operimento
1003 2076 1123 2142 metris
1142 2076 1338 2141 obducitur.

261 2261 274 2298 t
287 2252 330 2300 Er
341 2256 407 2299 terre
417 2256 574 2300 ortumtsrroe
581 2250 672 2313 debera]
687 2252 745 2300 Job.
790 2251 846 2310 J'anu
856 2250 992 2312 defunctus
1003 2252 1128 2311 perimite:
1138 2262 1169 2296 rte
1181 2248 1340 2296 reseraretur

216 2346 241 2380 x.
255 2331 280 2381 9.
295 2329 366 2377 Philo
381 2329 407 2376 ιἰι
422 2328 553 2377 Hereum:
578 2329 718 2389 ἀνθρώποις
732 2327 747 2384 ιΙ
797 2326 911 2374 ahellur'r.
927 2321 1340 2385 EtdeApihunVirgilituOEm.

216 2407 294 2468 φῦσιι
303 2404 456 2467 oirsso'rrpou
462 2407 555 2467 χωρίον
563 2406 682 2463 ἀπένειμε
690 2407 748 2465 γῆν,
798 2414 834 2448 lv.
845 2402 914 2461 256):

216 2485 246 2530 oi
254 2482 331 2544 μόνον
341 2483 425 2542 ζῶσιν,
434 2481 504 2528 ἀλλά
514 2482 556 2527 καὶ
567 2481 746 2537 ἀποθανοῦσιν,
866 2490 921 2531 'rum
928 2501 1015 2541 corpora
1022 2491 1068 2532 lues
1076 2492 1190 2537 tamtum.
1327 2532 1330 2537 ,

214 2558 248 2607 ts·
257 2558 273 2613 ιΙ
283 2555 348 2612 αὐτή
358 2557 400 2602 xer
410 2555 457 2610 τήν
471 2555 576 2613 πρώτην
592 2554 748 2613 ὑποδέχηται
798 2554 984 2604 Βιροηιυῑίοαίι
992 2559 1013 2595 et
1021 2554 1264 2595 minacem

216 2634 326 2696 γᾶνισιν,
336 2631 432 2686 scirtio
439 2633 468 2678 ἐκ
474 2633 521 2677 τοῦ
528 2634 586 2690 βίον
593 2631 748 2678 τελευταίαν
799 2635 911 2682 Servius:
926 2635 1116 2697 mwuquidt
1125 2634 1330 2697 reila'cdponpoe.

214 2708 348 2758 ἅνελυσιν.
378 2706 510 2767 Proprium
525 2706 657 2752 homiuibus
672 2705 748 2752 locum
844 2709 1205 2758 ‘NontddisitDemoerttus:
1221 2712 1268 2758 sod
1279 2726 1341 2760 ecee

216 2792 306 2835 mura
316 2791 404 2833 terram
414 2784 507 2838 tribuit.
521 2797 563 2830 nee
576 2784 638 2830 risis
651 2789 748 2842 tantun,
798 2786 872 2832 rerba
889 2784 985 2843 Pensm,
996 2799 1100 2847 quorum
1115 2798 1212 2833 masam
1228 2789 1342 2835 mutavit

216 2863 260 2912 red
278 2868 301 2911 rt
316 2861 425 2914 mortuis,
442 2864 468 2906 ut
487 2859 568 2907 eedem
586 2874 640 2920 quoe
655 2861 749 2920 primos
800 2863 905 2920 Auctor,
919 2861 977 2908 dum
997 2877 1027 2908 ex
1047 2863 1163 2909 memoria
1183 2862 1282 2921 citaret,
1296 2864 1341 2912 vel

216 2939 319 2998 meepit
327 2935 426 2992 natales,
436 2935 553 2995 surdpiat
564 2939 586 2980 et
595 2949 625 2980 er
638 2935 684 2981 tue
698 2937 749 2982 rita
800 2938 943 2984 festinanter
951 2937 1061 2998 legeret:
1072 2936 1166 2984 Similis
1174 2941 1208 2983 est
1218 2943 1243 2984 et
1253 2937 1342 2986 dead·

217 3015 313 3062 aran
337 3013 412 3073 (Peg.
425 3010 521 3070 9910.)
552 3012 676 3068 Attamen,
686 3013 750 3058 sicut
800 3012 924 3058 :mandis
932 3013 1072 3073 corporibus
1086 3013 1257 3068 hominumue
1271 3016 1341 3062 rend-

217 3089 312 3136 nullum
322 3087 395 3135 estin
405 3086 502 3132 homine
514 3085 605 3130 suetum
621 3085 749 3142 laudabile,
800 3087 912 3145 rissendi,
927 3088 1050 3148 promissa
1068 3087 1208 3135 Democrito
1228 3089 1343 3148 sanita,

217 3162 288 3225 enjus
297 3175 346 3207 non
356 3159 484 3220 vestigium
497 3160 521 3204 in
536 3159 584 3204 alio
599 3158 681 3217 aliquo
696 3159 748 3203 ani·
800 3163 898 3222 quinon
908 3164 1061 3223 reoiritipee.
1091 3161 1184 3222 Agitur
1192 3162 1226 3208 iot
1237 3167 1343 3211 tuntum

216 3238 335 3285 mutium
353 3248 443 3296 genere
458 3235 527 3281 Deus
544 3233 658 3293 posuerit,
674 3233 709 3278 ita
724 3238 750 3279 st
801 3238 831 3284 de
846 3239 1022 3285 resurreetione
1035 3239 1148 3299 quadam,
1163 3238 1233 3300 enjus
1248 3239 1344 3302 imagi.

216 3313 243 3358 in
261 3311 348 3357 haere
363 3307 456 3355 evenit:
476 3308 507 3354 de
522 3307 638 3353 Formicis
659 3306 750 3352 Plinius
800 3323 856 3354 nem
867 3310 912 3356 sibi
922 3310 1025 3357 finxerat
1034 3309 1204 3370 Philosophus,
1211 3323 1344 3372 quamque

133 3445 154 3455 ..
176 3449 179 3455 .
216 3386 280 3434 libro
299 3398 338 3433 xr.
358 3387 398 3432 30.
425 3382 576 3443 sepeliuntur
596 3382 657 3426 inter
673 3395 698 3427 :e
714 3383 750 3427 ri·
801 3384 893 3430 Plinius
913 3390 984 3432 vocat
997 3385 1187 3434 adseruationem
1206 3398 1345 3446 corporane

216 3463 319 3509 nentium
325 3461 390 3517 soloe,
393 3465 483 3520 preter
493 3459 614 3504 tonuiuenu.
625 3458 661 3504 At
672 3459 691 3503 is
699 3458 750 3518 ipse
800 3461 968 3512 humanorum.
1000 3464 1096 3510 Auctor
1109 3464 1149 3511 rel
1169 3463 1240 3526 legit,
1257 3464 1298 3510 rel
1314 3464 1343 3511 iu

217 3538 249 3585 de
269 3536 399 3599 Delphinis
418 3535 472 3582 Lib.
493 3547 531 3581 rx.
551 3535 575 3581 8.
589 3535 752 3594 conspectique
800 3542 882 3584 mente
902 3538 996 3597 habuit,
1016 3539 1086 3600 quusi
1105 3539 1180 3586 rerba
1199 3537 1234 3585 sio
1256 3539 1344 3601 positu

218 3791 296 3847 earth
317 3807 349 3845 ar
370 3789 392 3844 r't
414 3807 480 3854 was,
497 3768 556 3843 ond
569 3789 610 3842 tho
623 3789 704 3860 spirit
721 3790 792 3843 shall
806 3800 902 3846 return
917 3802 943 3846 to
961 3791 1025 3846 oon
1043 3791 1102 3845 :eho
1115 3807 1182 3862 paee
1199 3791 1231 3846 it.
1280 3792 1344 3850 See

218 3876 388 3952 Euripides:
410 3877 575 3939 Lucretius:
597 3875 704 3941 Cicero,
724 3876 799 3931 from
818 3877 990 3950 Xenophon.
1025 3877 1109 3949 Pliny
1121 3894 1184 3949 says
1202 3875 1268 3932 that
1286 3878 1343 3937 the

218 3964 302 4020 earth
321 3965 445 4019 receives
465 3979 498 4016 us
513 3963 595 4017 nhen
617 3979 659 4017 ne
676 3980 724 4018 nro
740 3963 842 4027 bom*,
859 3964 1007 4019 nourishes
1027 3981 1060 4019 us
1081 3980 1112 4019 as
1127 3981 1168 4019 ne
1186 3980 1266 4036 grorr
1288 3984 1343 4040 up,

219 4049 299 4105 foede
314 4065 348 4105 us
370 4055 400 4105 at
422 4065 510 4121 every
525 4065 586 4120 ege,
604 4049 660 4103 and
683 4057 713 4104 ut
735 4050 790 4105 last
811 4052 933 4106 receives
952 4069 985 4106 us
1004 4052 1064 4107 into
1085 4053 1123 4108 its
1145 4051 1245 4109 bosom
1268 4070 1301 4110 as
1321 4072 1343 4111 a

219 4135 340 4200 mother,
358 4134 439 4190 when
455 4136 504 4190 tho
519 4146 577 4190 rest
592 4136 624 4188 of
636 4143 736 4191 nature
749 4139 849 4206 rejects
862 4154 903 4192 us.

278 4229 295 4281 ³
323 4222 426 4279 Others
438 4223 521 4277 think
534 4222 595 4276 that
612 4221 660 4276 tho
676 4222 750 4293 hope
765 4224 798 4277 of
810 4224 859 4279 tho
875 4227 1064 4281 resurrection
1079 4244 1135 4282 was
1149 4225 1290 4282 intended
1305 4234 1341 4286 to

220 4309 258 4366 be
272 4310 390 4366 marked
402 4310 440 4384 by
453 4310 509 4366 this
528 4310 661 4383 practico,
674 4310 730 4363 and
746 4313 926 4367 transmitted
940 4319 970 4367 to
985 4316 1131 4386 posterity.
1171 4315 1210 4369 So
1224 4314 1342 4371 Demo·

147 4467 158 4479 ,
240 4425 256 4453 “
271 4426 403 4487 Referring
413 4432 439 4476 to
451 4429 494 4476 the
503 4428 609 4490 practico
620 4427 647 4474 os
655 4428 737 4490 inpiog
747 4443 762 4475 a
772 4432 900 4478 new-born
911 4429 976 4477 ehitd
986 4443 1018 4476 on
1028 4431 1070 4478 the
1080 4431 1184 4492 ground.
1205 4429 1317 4480 Gronov.
