2828 4920
46 245 120 301 Car.
136 241 264 312 xxm]
415 246 468 299 DE
492 245 628 302 CAUSIS
650 245 795 303 DUBIIS.
1101 239 1165 302 409

50 396 107 459 tioe
133 406 164 460 et
183 396 310 480 patrica
335 415 452 459 amor:
475 396 516 459 in
539 396 672 480 regibus
694 418 768 461 aero
794 398 927 463 animam
951 396 1111 482 placidus
1135 405 1166 460 et

49 496 123 561 suis
150 496 330 582 obsequens.

130 595 190 658 Xl.
244 595 431 680 Quanquam
454 617 530 661 vero
551 594 585 660 in
607 617 702 661 eausa
722 595 817 662 dubia
834 618 908 683 pars
928 603 1062 682 utraque
1080 601 1166 660 tene-

50 703 105 759 tur
122 716 266 780 quaerere
287 694 489 770 conditiones,
508 695 621 782 quibus
645 696 760 761 bellum
779 697 907 773 vitetur,
924 696 1042 784 ⁵magis
1060 703 1167 760 manen

51 794 95 860 ad
126 793 159 859 id
185 803 322 871 tenetur,
347 794 400 880 qui
428 793 518 881 petit,
548 816 643 880 quam
670 796 724 882 qui
751 797 898 883 possidet.
950 797 998 863 Ut
1025 792 1168 860 enimin
1252 873 1256 883 Ι

50 894 125 983 pari
150 916 245 960 causa
270 894 379 958 melior
404 893 446 959 sit
470 894 656 981 possidentis
681 896 826 974 conditio,
851 918 914 961 non
939 895 1020 960 civili
1045 903 1166 959 tantum
1180 915 1303 1003 1ιῇιιιέαἶωι

47 993 118 1082 juri
134 994 190 1059 sed
208 1003 241 1060 ct
257 992 393 1059 naturali
411 993 575 1059 convenit:
605 995 691 1082 cujus
708 998 756 1061 rei
772 1018 896 1062 causam
917 995 992 1061 alibi
1016 993 1110 1061 etiam
1127 1016 1168 1059 ex
1181 1010 1206 1046 Β.
1216 992 1234 1047 '1-
1259 992 1264 1002 ’

52 1094 235 1160 Aristotelis
261 1116 332 1181 quae
360 1093 507 1159 dicuutur
540 1095 788 1183 problematibus
816 1095 1005 1161 ⁹attulimus.
1058 1094 1168 1181 Atque
1180 1053 1332 1184 {llll-‘dlx

52 1194 106 1272 hic
125 1201 157 1259 et
172 1193 250 1259 illud
266 1194 444 1259 addendum
461 1202 518 1272 est,
535 1195 576 1260 ab
592 1218 640 1271 eo,
658 1196 712 1281 qui
725 1196 842 1282 justam
860 1217 984 1260 causam
1001 1194 1119 1260 habere
1135 1216 1168 1259 se
1181 1191 1334 1280 ξ’ζζῆζξῖὅέ

52 1294 124 1370 scit,
141 1294 196 1359 sed
215 1294 401 1359 documenta
424 1317 487 1359 non
509 1295 607 1360 habet
624 1296 815 1371 sufficieutia,
833 1295 944 1381 quibus
960 1316 1168 1381 possessorem
1182 1285 1334 1372 llsslmbffl‘?

53 1395 97 1460 de
131 1393 283 1480 injustitia
313 1416 377 1459 suae
407 1394 608 1481 possessionis
638 1394 811 1471 convincat,
846 1395 961 1460 bellum
990 1393 1074 1459 licite
1108 1387 1315 1469 uonl‘l'iel'if'd'

53 1492 157 1559 sumi:
182 1491 256 1580 quia
277 1515 341 1558 non
363 1494 462 1559 habet
481 1492 534 1580 jus
556 1493 689 1584 cogendi
705 1495 850 1573 alterum,
869 1503 905 1560 ut
922 1495 962 1560 de
978 1493 1171 1582 possessione
1183 1469 1323 1554 l³a““¹''⁵³

53 1592 201 1660 decedat.

136 1693 212 1758 XII.
265 1692 330 1759 Ubi
348 1715 424 1759 nero
451 1702 484 1760 et
501 1692 554 1780 jus
571 1694 752 1782 ambiguum
770 1702 827 1770 est,
846 1702 879 1760 et
895 1702 1007 1759 neuter
1023 1693 1170 1780 possidet,
1184 1714 1337 1812 emm

53 1801 115 1861 aut
132 1815 172 1859 ex
190 1815 279 1880 aequo
301 1800 446 1880 uterque,
463 1793 507 1858 ibi
529 1794 654 1880 iniquus
675 1794 847 1860 censendus
870 1792 941 1874 erit,
960 1792 1014 1880 qui
1033 1793 1171 1859 oblatam
1185 1762 1330 1903 {3351quss

54 1894 107 1960 rei
125 1904 335 1960 controversae
352 1893 535 1959 divisionem
553 1895 709 1982 repudiat.
1169 1902 1250 1967 ‚utt-

136 1994 230 2059 Xlll.
284 1995 304 2058 1
340 1994 391 2058 Ex
420 1991 479 2071 his,
511 2016 582 2080 quae
608 1993 753 2070 diximus,
784 1992 907 2059 definiri
933 2000 1038 2081 potest
1069 1991 1124 2058 illa
1153 2014 1174 2058 a

56 2094 166 2160 multis
182 2093 303 2181 agitata
328 2093 470 2180 quaestio,
489 2116 530 2158 au
552 2094 678 2172 bellum,
704 2093 827 2159 ratione
849 2093 957 2159 habita
982 2115 1100 2168 eorum,
1119 2091 1172 2179 qui
1185 2121 1294 2164 cavam.

1186 2171 1263 2209 Peceot.
1273 2171 1283 2213 ‚i
1293 2172 1331 2210 ra·

56 2192 247 2282 principales
273 2192 348 2259 belli
377 2203 514 2259 motores
541 2203 623 2270 sunt,
652 2193 800 2279 utrinque
822 2193 942 2280 justum
970 2214 1038 2258 esse
1066 2193 1171 2280 possit
1184 2217 1315 2299 ”ataid

57 2291 317 2381 tDistinguendae
335 2293 418 2358 enim
440 2303 513 2358 suut
533 2293 629 2358 icariae
645 2293 841 2378 acceptiones
857 2291 941 2357 vocis
951 2293 1047 2376 justi.
1098 2293 1120 2357 J
1124 2314 1172 2356 us·
1182 2270 1266 2392 {³21ng
1276 2309 1289 2347 ι.
1296 2311 1314 2349 ⁶.

57 2404 129 2461 tum
147 2393 228 2458 enim
245 2392 364 2479 aliquid
387 2392 500 2458 dicitnr
521 2402 577 2459 aut
595 2415 634 2458 ex
652 2415 754 2468 causa,
773 2399 829 2457 aut
847 2392 1015 2457 secundum
1034 2392 1170 2458 effectus.
1186 2399 1310 2487 {intpp-,522

59 2496 114 2559 Ex
144 2514 238 2557 causa
267 2515 403 2572 rursum,
432 2503 489 2559 aut
513 2491 640 2579 speciali
667 2491 847 2578 acceptione
868 2491 1009 2577 justitiae,
1037 2499 1093 2556 aut
1120 2491 1173 2556 illa
1186 2493 1340 2579 fflpffl

60 2592 214 2682 generali,
242 2615 305 2678 qua
336 2593 435 2657 omnis
463 2593 620 2658 rectitudo
653 2614 690 2657 eo
721 2591 809 2657 veuit
838 2589 970 2656 nomine.
1024 2585 1228 2678 specialis-te

60 2692 201 2780 acceptio
227 2690 342 2758 iterum
371 2691 521 2758 dividitur
548 2691 580 2757 in
608 2713 677 2757 eam
704 2713 774 2777 quaa
799 2691 842 2755 ad
868 2713 945 2778 opus
970 2692 1118 2778 pertinet,
1142 2698 1177 2756 et

61 2816 143 2870 eam,
173 2814 244 2878 quae
268 2791 407 2880 pertinet
433 2792 475 2857 ad
505 2800 707 2878 operantem
734 2813 867 2877 quarum
893 2790 961 2856 ¹illa
987 2799 1091 2879 potest
1116 2789 1178 2856 dici

62 2952 197 3012 quastione
217 2949 251 2997 iii.
272 2953 330 3010 post
350 2963 371 2996 c.
392 2949 537 3010 Episcopus,
557 2949 597 2998 65.
647 2949 1180 3011 tioc,insolnprimaEditionelegnutur,et

61 3024 318 3086 distinguitjustitiana
327 3039 413 3081 cauea,
428 3024 529 3082 ordinis,
540 3025 595 3070 ant·
646 3025 672 3072 ln
688 3025 742 3072 aliis
755 3025 843 3070 omissa
859 3029 916 3070 sunt
931 3025 1024 3072 incurris
1037 3026 1178 3088 typotheta-

60 3104 105 3150 nw‘.
646 3099 919 3161 rum,utquivisvidet.
948 3101 1020 3150 J.B.

111 3174 462 3236 ιΗιιιιιοιιιιιίιι,ᾳιιιινιιιιιίὶὶιι
465 3207 521 3221 ......
523 3189 596 3237 neqe-

119 3427 187 3483 XIl.
222 3427 280 3481 But
292 3423 372 3481 when
388 3425 438 3480 the
459 3425 535 3498 right
554 3427 578 3482 is
595 3426 772 3499 ambiguous,
786 3428 843 3484 and
861 3427 973 3486 neither
987 3427 1010 3483 is
1025 3427 1055 3482 in
1068 3444 1178 3500 posses·

64 3516 137 3578 sion,
152 3531 185 3569 or
197 3513 268 3568 each
282 3513 306 3567 is
323 3513 436 3583 equally
448 3529 488 3579 so,
500 3514 571 3569 then
588 3513 615 3567 if
627 3530 682 3570 ouo
697 3515 731 3569 οι·
744 3515 794 3570 the
808 3517 915 3588 parties
930 3514 1024 3571 refusa
1039 3521 1070 3571 to
1084 3514 1179 3570 divide

65 3602 116 3657 the
132 3608 236 3656 matter
250 3600 279 3654 in
294 3601 433 3670 question,
444 3599 482 3654 he
496 3601 520 3654 is
535 3607 565 3655 to
581 3601 617 3656 be
632 3601 774 3657 rcckoued
790 3604 894 3672 unjust.
1177 3589 1180 3595 ⁴

122 3688 207 3742 Xl-II.
246 3693 260 3739 1
286 3687 372 3740 From
389 3685 465 3739 what
483 3704 524 3741 we
544 3687 616 3742 have
635 3689 705 3754 said,
721 3706 762 3743 we
779 3705 845 3759 may
859 3686 959 3742 decide
980 3685 1029 3741 the
1047 3689 1179 3759 question

65 3775 168 3830 moved
177 3774 216 3846 by
227 3790 312 3844 many
324 3774 439 3835 writers,
448 3772 575 3826 whether
589 3791 607 3827 a
619 3791 685 3837 war,
700 3773 838 3844 regarded
854 3775 883 3827 in
896 3774 1042 3829 reference
1053 3781 1085 3830 to
1098 3774 1179 3830 those

65 3860 130 3916 who
145 3878 194 3916 are
206 3861 256 3916 the
270 3858 409 3933 priucipal
424 3876 534 3914 nrowers
549 3859 582 3912 of
601 3861 633 3922 it,
654 3876 706 3912 can
727 3860 764 3913 be
782 3861 842 3929 just
861 3878 899 3915 on
916 3860 987 3915 both
1007 3861 1091 3916 sides.
1125 3860 1180 3915 We

66 3953 144 4002 must
162 3946 330 4017 distinguish
350 3946 460 4000 various
476 3946 667 4017 acceptatious
682 3944 716 3998 of
732 3945 781 3999 the
803 3948 879 4002 word
896 3950 963 4020 just.
1010 3948 1036 4002 A
1056 3947 1137 4017 thing
1155 3945 1179 4000 is

67 4033 159 4089 called
178 4034 238 4102 just
256 4034 331 4086 from
354 4033 389 4086 its
414 4048 505 4095 cause,
527 4049 560 4084 or
579 4032 653 4084 from
670 4033 706 4086 its
731 4033 822 4087 ell'cct.
858 4034 922 4089 And
946 4028 1179 4104 agam

67 4137 161 4182 cause,
176 4133 215 4173 cit
228 4136 268 4173 rer
289 4136 319 4172 ru
334 4127 383 4172 tro
398 4118 503 4188 special
518 4127 695 4189 acceptatron
718 4119 750 4172 of
767 4120 878 4187 justice,
894 4137 927 4173 or
942 4121 970 4173 in
987 4119 1049 4174 that
1063 4117 1179 4190 general

67 4206 246 4276 acceptation
274 4205 304 4258 in
327 4203 417 4257 which
441 4204 479 4257 all
502 4205 642 4258 rectitudo
661 4222 693 4258 or
718 4205 858 4274 rightness
881 4223 975 4260 comcs
999 4205 1090 4260 under
1116 4206 1179 4261 that

67 4288 160 4347 name.
192 4293 293 4361 Again,
310 4290 359 4346 tho
374 4292 479 4361 special
494 4293 672 4363 acceptatiou
688 4292 711 4346 is
727 4291 839 4345 dirided
861 4293 921 4346 iuto
940 4291 1003 4346 that
1021 4291 1110 4345 which
1128 4292 1180 4348 ho·

66 4381 148 4449 lougs
160 4386 189 4433 to
204 4377 255 4433 the
267 4384 313 4432 act
325 4378 409 4441 itsolf,
420 4378 476 4431 and
492 4379 554 4433 that
570 4377 660 4432 which
675 4377 791 4449 belongs
809 4384 840 4432 to
857 4378 907 4434 tho
923 4384 1024 4449 agent3
1045 4378 1079 4434 of
1090 4376 1180 4434 which

66 4467 117 4522 the
129 4465 237 4520 former
250 4481 316 4537 may
330 4465 367 4519 bo
382 4464 472 4520 called
485 4466 612 4538 positive,
629 4465 678 4520 the
689 4466 776 4519 latter
788 4466 926 4536 negative.
958 4465 1016 4519 For
1029 4465 1079 4521 thc
1094 4474 1180 4538 agent
