2828 4920
235 951 472 1020 VOLUMINE
501 952 711 1020 SECUNDO
738 951 1060 1020 CONTINENTUR

440 1122 594 1184 LIBRI
619 1121 852 1184 SECUNDI

481 1329 612 1380 GAPITA
633 1329 804 1378 lx-xxvl.

128 1530 186 1589 IX.
246 1527 373 1598 Quando
386 1527 507 1607 imperio
521 1527 567 1587 vel
581 1527 709 1588 dominia
722 1526 871 1588 desinunt·
914 1572 921 1586 .
1003 1568 1009 1583 .
1091 1568 1098 1583 .

134 1633 176 1693 X.
245 1631 292 1693 De
305 1631 480 1712 obligatione
494 1651 560 1710 quse
578 1652 614 1692 ex
628 1630 756 1691 domiuio
770 1631 862 1692 oritur
952 1669 959 1684 ·
1043 1673 1050 1684 .

124 1735 185 1795 XI.
246 1736 292 1796 Do
306 1734 462 1796 Promissis

103 1944 200 2005 XIII.
247 1944 293 2004 De
311 1941 508 2022 Jurejurondo
551 1981 1096 2000 .......
1157 1941 1198 2002 83

106 2048 199 2109 XIV.
246 2048 293 2108 De
306 2065 406 2107 eorum
421 2047 472 2127 qui
488 2065 635 2108 summum
656 2043 809 2123 imperium
825 2045 933 2105 {rubent
950 2044 1099 2126 promissis

283 2157 313 2211 et
327 2151 522 2212 contractibus
536 2157 564 2210 et
575 2148 749 2229 juramentis
772 2189 779 2203 .
861 2193 868 2209 .
950 2190 958 2207 .
1040 2194 1046 2209 .
1139 2148 1197 2208 112

114 2255 191 2314 XV.
243 2254 291 2314 De
304 2253 462 2314 Federibus
476 2272 509 2313 oo
527 2251 735 2330 sponsionibus
820 2292 827 2306 .
911 2293 918 2307 .
998 2295 1006 2310 .
1089 2292 1095 2307 .
1138 2250 1197 2311 188

102 2357 198 2418 XVI.
243 2356 291 2416 De
306 2355 546 2436 interpretatione
589 2395 1044 2417 ......
1139 2354 1195 2416 155

90 2461 205 2522 xvn.
244 2461 291 2521 De
315 2459 422 2521 damno
444 2480 494 2539 per
516 2459 658 2540 Injuriom
678 2459 757 2530 dato,
779 2467 807 2519 ot
823 2459 1008 2538 Obligationo
1030 2479 1095 2537 quae
1136 2465 1138 2471 ’

280 2563 347 2622 inde
360 2563 464 2623 Oritur
553 2603 1094 2621 .......
1137 2563 1195 2624 188

75 2667 210 2728 XVIII.
241 2668 289 2726 De
302 2665 496 2745 Legationum
509 2667 582 2728 «Iure

95 2771 197 2833 XIX.
242 2770 288 2830 De
301 2770 374 2830 Jure
388 2769 550 2850 Sepulturoe

105 2874 189 2935 XX.
243 2872 290 2933 De
306 2872 404 2932 Poenis

93 2977 197 3038 XXI.
243 2977 290 3037 De
305 2976 462 3036 Poenarum
477 2976 747 3037 Communicotione
819 3017 826 3031 .
909 3016 915 3030 ·
997 3019 1004 3033 .
1086 3018 1093 3032 .
1133 2979 1193 3038 339

86 3080 206 3141 XXII.
242 3080 289 3140 De
302 3079 407 3142 causis
421 3078 544 3157 Injuetis
590 3120 1042 3137 ......
1133 3080 1194 3149 378

70 3183 210 3245 XXIII.
243 3184 289 3244 De
303 3182 407 3244 Onrrsis
421 3182 529 3242 Dubiis
549 3222 1090 3241 .......
1132 3186 1193 3246 396

69 3287 206 3348 XXIV.
238 3287 354 3347 Monitn
377 3287 490 3346 deuon
513 3292 619 3346 temore
640 3287 727 3347 otium
747 3308 783 3346 ox
807 3287 896 3365 justis
919 3288 1012 3349 causis
1029 3309 1092 3351 sus-

278 3387 409 3466 cipiendo
423 3388 507 3449 Bello
598 3374 613 3397 '⁵⁷

82 3492 199 3554 XXV.
236 3490 282 3550 De
296 3490 401 3552 Carreis
415 3492 482 3552 belii
497 3513 549 3572 pro
563 3493 627 3553 nliis
641 3494 814 3574 suscipiendi
904 3536 911 3550 .
994 3539 1000 3551 .
1083 3537 1090 3551 .

66 3595 205 3658 XXVI.
239 3595 285 3654 Do
299 3595 402 3656 Caunis
422 3596 511 3674 justis
530 3604 564 3657 ut
583 3598 693 3659 bollum
715 3605 831 3677 goratur
848 3600 886 3659 ub
904 3600 950 3661 his
964 3600 1015 3679 qui
1036 3600 1091 3661 sub

275 3698 368 3759 uliouo
381 3700 502 3779 imperio
516 3708 585 3762 sunt
677 3744 1039 3761 .....
1131 3691 1200 3813 448
