2828 4920
67 258 140 316 Cer.
154 255 238 332 XX.]
515 264 567 319 DE
589 263 730 319 POENIS.
1120 251 1182 314 2l3

66 457 216 524 processu
238 457 258 502 a
275 442 341 503 toto
358 434 401 501 ad
424 445 547 523 partem
568 438 697 527 proprie
714 436 892 514 consistere,
916 431 1019 502 sedin
1035 431 1184 499 habenda

66 537 191 602 ratione
208 536 276 622 ejus
292 535 485 624 aptitudinis,
512 561 584 625 qum
597 539 650 627 jus
670 537 779 605 stricte
796 538 913 603 dictum
926 535 959 602 in
981 556 1094 603 senon
1111 554 1183 599 con-

66 637 177 712 tineat,
204 637 260 702 sed
277 637 469 704 occasionem
487 639 516 705 ei
532 641 599 708 det.
643 641 829 725 Quanquam
846 660 921 704 vcro
938 635 1037 724 isqui
1054 633 1183 723 punitur

64 744 161 822 aptus
185 745 243 803 aut
265 736 380 828 dignus
397 760 465 805 esse
490 740 586 806 debet
602 739 715 828 puniri,
741 760 805 805 non
822 759 860 804 co
883 747 988 804 tamen
1004 736 1037 803 id
1060 742 1183 825 spectat

65 844 104 901 nt
120 835 181 923 ipsi
197 837 326 904 accedat
342 838 470 926 aliquid,
489 840 573 928 quod
590 839 779 929 assignatrix
794 837 917 926 justitia
931 836 1077 925 postolat.
1113 835 1182 900 Nee

65 944 174 1001 tamen
199 938 254 1024 qui
279 939 480 1027 expiatricem
502 941 667 1028 justitiam,
686 962 779 1027 quam
798 939 893 1028 vulgo
914 933 1180 1004 commutatricem

64 1045 191 1115 vocant,
219 1037 251 1103 in
277 1039 376 1127 poenis
407 1040 548 1107 exerceri
572 1041 691 1116 volunt,
718 1039 818 1128 magis
851 1061 886 1104 se
912 1037 1078 1125 explicant.
1129 1036 1181 1101 lta

64 1137 150 1202 enim
165 1139 325 1230 negotium
344 1142 403 1206 hoc
419 1141 628 1216 considerant,
641 1139 730 1227 quasi
746 1139 869 1205 nocenti
882 1138 1000 1226 aliquid
1016 1135 1179 1214 reddatur,

63 1238 146 1304 sicut
160 1237 194 1303 iu
212 1240 422 1307 contractibus
442 1240 510 1306 ficri
527 1241 616 1307 solet.
670 1239 805 1327 Dcccpit
822 1261 874 1305 cos
897 1237 1037 1327 vulgaris
1054 1233 1177 1313 locutio,

63 1359 130 1424 qua
160 1339 289 1406 dicimus
314 1361 438 1429 poenam
462 1341 571 1408 deberi
600 1341 630 1406 ei
654 1340 707 1427 qui
733 1340 872 1425 deliquit,
899 1338 983 1425 quod
1008 1337 1101 1425 plane
1130 1342 1180 1402 est

62 1432 203 1531 ἄκυρονι
226 1463 299 1506 nam
323 1441 372 1506 cui
402 1441 530 1529 proprie
555 1441 689 1506 debetur
715 1439 841 1524 aliquid,
866 1438 893 1505 is
918 1438 951 1504 in
972 1437 1106 1503 alterum
1124 1433 1179 1522 jos
1286 1447 1289 1453 '

62 1538 171 1605 habet.
224 1539 288 1607 Sed
308 1562 379 1607 cum
394 1540 502 1607 deberi
523 1539 614 1606 alicui
631 1562 754 1628 poenam
775 1538 914 1619 dicimus,
941 1537 1019 1602 nihil
1035 1535 1179 1602 volumus
1270 1588 1272 1592 .

62 1637 151 1704 aliud
165 1661 259 1726 quam
278 1662 401 1728 aequum
419 1661 487 1707 esse
502 1650 539 1706 ιιι
555 1638 712 1728 puniatur.

142 1741 165 1804 3
197 1741 318 1805 Verum
343 1749 450 1806 tanim
471 1748 521 1806 est
544 1740 578 1805 in
599 1739 698 1827 pesnis
722 1741 824 1828 primo
842 1760 879 1805 ac
900 1759 959 1826 per
979 1757 1013 1801 se
1035 1733 1178 1801 exerceri

63 1838 269 1925 expletrieem
282 1839 446 1926 justitiam,
473 1840 547 1926 quia
562 1840 677 1906 scilicet
699 1841 752 1926 qni
770 1838 869 1926 punit,
895 1846 932 1904 ut
948 1845 1035 1902 recto
1055 1835 1176 1924 puniat,

57 1937 114 2026 jus
130 1939 251 2006 habere
267 1938 364 2008 debet
388 1939 429 2006 ad
446 1939 646 2028 puniendum,
667 1940 752 2025 quod
772 1941 825 2026 jus
840 1960 880 2005 cx
897 1937 1011 2005 delicto
1036 1935 1177 2002 nocentis
1239 2008 1247 2021 ,

61 2038 213 2106 nascitur.
243 2041 348 2126 Atque
364 2038 424 2106 hac
440 2039 474 2106 in
489 2061 525 2106 re
541 2050 590 2106 est
604 2040 689 2106 aliud
706 2033 813 2128 dquod
829 2039 871 2106 ad
887 2046 1102 2105 contractuum
1118 2057 1178 2103 na·

61 2229 133 2276 οιίιιιι.
163 2227 217 2277 Nec
228 2229 353 2278 secundans
362 2229 455 2276 modam
465 2229 537 2291 calpe
547 2244 598 2276 mo·
647 2244 692 2277 nec
702 2230 743 2277 alii
752 2231 905 2291 interpretes,
919 2230 978 2277 satis
991 2229 1135 2291 expediente
1149 2233 1177 2279 et

61 2305 109 2351 aas
124 2309 159 2352 est
172 2305 385 2366 adhibitaspoenoe,
396 2320 448 2354 cum
460 2306 538 2364 major
551 2306 596 2352 mi·
647 2303 718 2349 tacite
728 2317 743 2348 a
753 2303 868 2349 Librariis
877 2303 957 2351 omitti
967 2302 1047 2363 potuit
1057 2301 1177 2363 porticula

60 2394 154 2441 aerque
172 2382 332 2443 transqressio
352 2396 399 2426 non
422 2382 492 2426 anias
513 2381 596 2429 demat
647 2378 699 2434 etsi,
714 2384 814 2438 propter
829 2384 970 2438 sequentem
984 2378 1043 2425 sina
1074 2377 1131 2434 Qua
1144 2377 1177 2425 de

61 2457 235 2503 mulctationise
260 2455 426 2516 praedamnari
459 2454 594 2516 mppticior
646 2455 797 2516 rejudicium
808 2469 882 2516 penes
893 2455 996 2504 criticos
1006 2460 1067 2504 esto.
1091 2452 1176 2518 J.B.]

56 2531 195 2590 presertim
205 2545 257 2579 can
266 2531 375 2578 dominas
384 2531 409 2578 ιἰι
416 2531 467 2592 leae
476 2544 520 2576 saa
527 2545 595 2591 proe·
691 2527 703 2560 ι
721 2527 792 2587 Quod
800 2526 836 2573 ad
844 2531 1003 2574 contractuum
1013 2532 1124 2574 aaaron
1133 2541 1176 2576 ac·

60 2606 157 2666 cipiet:
174 2611 178 2617 '
186 2623 236 2668 pro
255 2622 365 2654 masura
384 2605 486 2668 peccati,
506 2607 553 2653 erit
574 2611 597 2654 et
647 2601 720 2664 cedit]
738 2605 807 2662 Saepe
824 2603 870 2650 hoc
887 2607 956 2650 notst
976 2602 1080 2661 Servius,
1093 2603 1125 2651 sd
1137 2614 1176 2652 nv.

56 2682 191 2741 placarum
201 2682 290 2730 ιιιοιιιιο.
308 2682 371 2729 l'ide
381 2681 498 2728 inlrahoc
507 2682 596 2742 capite,
646 2678 771 2734 AEneidos,
783 2680 860 2736 (vers.
871 2677 931 2736 695)
941 2692 998 2725 num
1011 2679 1054 2740 qui
1063 2678 1177 2726 secedunt

61 2756 177 2818 §xxi-iit
193 2763 219 2804 et
234 2758 309 2804 xxxii.
325 2763 351 2805 et
366 2757 419 2805 Li'o.
434 2770 475 2804 ιιι.
490 2769 512 2804 c.
527 2757 594 2818 xij.
646 2753 796 2814 delinquendi
821 2753 920 2810 modum,
940 2754 990 2815 ipsi
1010 2754 1058 2801 stet
1079 2768 1177 2815 poenaos

62 2830 106 2892 [Iu
122 2832 178 2879 loco
194 2832 288 2880 Tscsrr
304 2832 435 2894 legendnm
452 2831 510 2878 mihi
528 2832 594 2878 ride·
645 2831 760 2875 canaam.
800 2828 894 2876 Ibidem
910 2828 1091 2892 (inven.ti99)
1106 2831 1176 2877 dam·

60 2910 119 2954 tur:
134 2905 182 2954 Sin
191 2908 296 2969 fluqs'tio
308 2907 461 2968 etfacinora,
477 2918 533 2952 ersa
543 2906 595 2952 eine
645 2919 704 2950 nore
715 2910 750 2950 est
759 2904 837 2950 debito
847 2904 959 2963 liberare,
969 2907 1031 2954 ιοιιιι
1040 2917 1176 2954 usurum

60 2980 249 3030 ιιιοιιοιιοιιιιο.
264 2982 594 3036 sliasnonconststsensus,
644 2990 678 3024 ιιι
699 2991 807 3032 occano
828 2991 912 3026 roms.
942 2979 985 3028 Ad
1003 2995 1030 3028 x.
1049 2981 1176 3039 AEueidos,

61 3070 136 3117 quem
151 3071 196 3105 neo
210 3056 391 3105 Freinshemius
406 3056 431 3102 ln
446 3053 594 3116 pmphrast,
645 3053 997 3114 (sersmajnossrreccsrsz
1012 3055 1088 3115 least,
1097 3056 1176 3115 idest,

60 3311 123 3367 sion
138 3315 169 3366 ιο
184 3310 216 3366 it.
261 3308 328 3364 And
348 3306 485 3380 although
500 3307 538 3363 he
549 3307 612 3361 who
628 3306 651 3360 is
663 3304 803 3377 punislred
816 3306 905 3377 ought
919 3312 950 3362 ιο
964 3306 1037 3363 haro
1054 3311 1174 3366 amoral

60 3398 156 3461 claim,
177 3413 211 3451 or
228 3401 259 3451 ιο
277 3395 315 3450 be
333 3395 450 3466 worthy,
469 3401 499 3450 ιο
523 3394 560 3448 bo
583 3391 732 3466 punishcd,
751 3392 810 3446 still
832 3392 897 3447 that
917 3392 985 3448 doce
1011 3400 1063 3450 not
1083 3412 1120 3468 go
1142 3402 1174 3453 to

59 3499 149 3556 prove
160 3481 225 3537 that
238 3480 276 3536 he
286 3480 338 3536 has
353 3481 422 3536 such
437 3497 455 3536 a
469 3481 578 3552 quality
592 3496 623 3534 as
638 3478 804 3533 attributive
812 3479 916 3550 justice
928 3479 1062 3551 requires.

112 3569 172 3624 But
185 3567 298 3623 neither
309 3568 347 3623 do
359 3567 428 3640 they
439 3567 502 3622 who
517 3566 584 3622 hold
596 3565 659 3620 that
672 3564 826 3637 expletory,
837 3581 878 3628 or,
892 3580 922 3618 as
937 3566 960 3619 it
975 3566 998 3620 is
1012 3567 1176 3642 commonly
1237 3640 1239 3645 Ι

59 3655 162 3721 called,
177 3660 385 3728 commutatory
396 3655 507 3725 justice,
519 3654 542 3709 is
554 3652 696 3708 cxcrciscd
708 3652 738 3704 in
747 3651 943 3715 I‘unislrmcnt,
955 3652 1066 3724 explain
1079 3654 1173 3711 them·

58 3743 150 3798 solves
167 3741 272 3798 better.
309 3742 367 3798 For
382 3741 450 3814 they
461 3740 563 3813 regard
578 3738 627 3794 tho
643 3738 815 3793 transaction
834 3753 865 3791 as
884 3737 910 3790 if
924 3738 1085 3813 something
1099 3758 1173 3799 were

58 3829 178 3903 paidto
198 3828 248 3886 the
263 3828 400 3894 offender,
419 3845 450 3884 as
470 3828 493 3883 is
512 3824 672 3896 commonly
688 3824 761 3878 dono
780 3825 810 3878 in
831 3830 983 3879 contracte.
1021 3825 1102 3898 They
1122 3845 1174 3885 are

58 3917 194 3975 deceived
206 3917 307 3990 bytho
321 3916 420 3988 vulgar
431 3914 592 3987 expression
606 3912 635 3966 in
650 3910 740 3964 which
756 3927 797 3966 wo
812 3927 862 3983 say
873 3910 936 3965 that
950 3910 1173 3971 Punishmentis

59 4005 102 4058 tte
119 4004 171 4058 duc
189 4002 224 4057 ot
239 4002 299 4058 him
315 4002 378 4058 who
397 4002 451 4057 has
470 3997 680 4072 transgresscd3
698 3996 789 4051 which
807 3997 830 4051 is
846 3997 953 4070 plainly
972 4015 1009 4052 an
1028 3998 1174 4073 improper

58 4089 231 4161 expression,
249 4087 296 4143 for
310 4088 348 4143 he
367 4095 397 4143 ιο
417 4087 509 4143 whom
524 4085 662 4159 anytlring
689 4085 713 4139 is
733 4085 867 4157 properly
883 4101 901 4138 a
921 4085 986 4150 duc,
997 4083 1049 4140 has
1063 4102 1082 4141 a
1095 4086 1174 4160 sight

58 4191 128 4231 over
138 4172 269 4229 another.
310 4174 370 4229 But
381 4172 463 4228 when
477 4191 518 4228 wo
530 4190 580 4245 say
592 4171 655 4228 that
667 4170 850 4243 punishment
860 4171 884 4224 is
896 4187 952 4244 any
964 4165 1040 4228 ono's
1052 4171 1118 4237 due,
1130 4191 1173 4232 ιιο

57 4277 143 4315 mean
158 4258 278 4331 nothing
290 4260 349 4316 else
363 4259 433 4315 than
446 4259 510 4316 thot
523 4261 581 4316 itis
590 4261 651 4330 just
664 4257 727 4313 tlrat
741 4256 777 4311 ho
789 4256 891 4311 should
906 4257 943 4312 be
955 4256 1105 4329 punished.

109 4352 127 4404 3
150 4345 225 4413 Still,
239 4345 377 4412 however,
389 4348 447 4403 itis
462 4355 535 4413 truc,
548 4347 612 4403 that
626 4347 656 4400 in
671 4343 855 4418 punishment
867 4343 915 4400 the
926 4345 1030 4415 justice
1042 4345 1134 4404 which
1147 4348 1172 4405 is

56 4432 202 4493 exercisod
220 4433 244 4490 is
259 4434 289 4490 iu
301 4434 351 4492 tho
365 4434 428 4492 first
438 4435 521 4511 place
535 4435 592 4492 and
600 4451 654 4509 per
664 4450 690 4489 se
701 4431 849 4506 expletory
859 4431 980 4504 justice:
999 4432 1120 4492 because
1133 4433 1173 4496 he

954 4533 1076 4600 ιιι-9.
