2828 4920
256 200 321 264 418
451 209 605 268 noma
625 211 679 268 DE
701 211 785 270 Nos
807 212 966 269 Taunus
987 211 1112 269 unsri
1134 210 1192 266 EX
1243 208 1317 279 [Lus.
1329 213 1361 268 11.

257 375 459 465 suppeditant
480 375 513 442 in
537 378 636 454 llose,
660 378 754 445 Num.
770 377 813 445 xi.
831 381 874 444 12
896 387 930 445 ct
951 375 1085 454 Doride,
1110 378 1132 442 2
1149 376 1240 443 Sam.
1260 375 1322 442 xri.
1339 377 1364 445 l.

91 493 161 536 urse
171 495 228 534 ure
259 476 397 542 Maximo
411 497 486 541 soro
503 474 535 543 id
551 476 651 543 locum
669 479 774 560 habet,
793 477 846 545 ubi
861 489 918 544 aut
933 500 990 543 nos
1002 499 1127 566 quoque
1143 474 1239 541 nobis
1255 477 1366 562 peccati

90 543 140 629 ᾖ
149 542 226 583 m
258 574 389 662 slicujus
410 596 517 642 snmus
540 577 663 656 conscii,
688 586 745 644 aut
770 578 803 644 id
825 578 910 665 quod
934 578 967 644 in
989 599 1046 643 nos
1068 583 1236 664 peecatum
1261 583 1310 642 est
1331 577 1366 642 ab
1410 604 1412 637 ι

258 675 396 743 humano
419 676 555 763 quodam
578 686 612 744 et
637 677 805 744 excusabili
830 677 1010 744 infirmitate
1033 675 1187 765 procedit,
1215 684 1275 741 eut
1298 675 1367 753 satis

258 783 392 863 sppsret
408 776 559 863 poenitcre
576 799 658 854 eum,
676 777 730 864 qui
747 777 860 843 nocuit.
884 779 950 844 Est
967 778 1146 844 ahisceudi
1162 787 1196 843 et
1206 777 1368 861 pereundi

94 890 246 942 ”tuoe-tu·
259 877 383 951 οιοᾰιιε,
406 875 508 962 inquit
525 877 647 954 Cicero,
668 890 699 943 et
722 879 814 942 lraucl
835 880 912 954 scio,
937 901 983 943 au
1002 880 1087 944 satis
1103 879 1159 951 cit,
1182 866 1294 951 herens,
1316 877 1369 961 qui

259 976 449 1052 lacessierit,
475 977 608 1060 iru'urioe
630 1000 698 1043 suae
715 979 881 1062 penitere
934 979 1084 1064 Sapiens,
1110 974 1218 1062 inquit
1243 974 1368 1050 Seneca,

93 1097 192 1138 neon
200 1096 245 1143 ur.
259 1076 365 1140 multa
389 1077 550 1152 remittit:
574 1078 691 1142 multos
711 1099 838 1162 perum
859 1079 946 1153 caui,
971 1079 1028 1144 secl
1050 1077 1220 1143 sanabilis
1250 1075 1370 1160 ingenii

257 1174 412 1241 recolit.
464 1174 509 1240 Et
534 1175 585 1240 hm
601 1175 726 1261 quidem
748 1197 851 1241 causa
871 1197 893 1242 a
914 1176 995 1242 bello
1017 1175 1198 1242 abstinendi
1219 1194 1262 1239 ex
1283 1173 1370 1240 dilee

258 1271 344 1339 tione
368 1283 548 1352 noscuntur,
568 1296 662 1362 quam
687 1273 762 1362 ipsis
785 1273 917 1340 inimicis
941 1283 997 1341 aut
1019 1274 1180 1354 debemus,
1208 1281 1371 1340 aut-recte

257 1369 472 1459 impendimus

335 1471 394 1540 lv.
438 1473 457 1537 1
494 1473 587 1561 Saepo
615 1494 692 1540 vero
719 1465 823 1540 inobis
849 1470 924 1559 ipsis
950 1470 1128 1558 nostrisque
1155 1475 1372 1561 praestandum

91 1592 176 1642 μοι.
258 1567 419 1648 habemns,
435 1592 475 1637 no
491 1572 532 1637 ad
546 1595 635 1638 arma
652 1571 807 1638 veniatur.
846 1571 1034 1639 Plutarchus
1050 1571 1083 1636 in
1098 1571 1218 1640 Numae
1236 1576 1306 1642 vita
1320 1573 1371 1651 sit,

258 1679 423 1757 postquam
448 1670 534 1758 justo
570 1692 661 1757 posse
693 1669 807 1758 suscipi
839 1670 954 1737 bellum
989 1671 1204 1739 decrevissent
1237 1674 1371 1750 feciales,

258 1761 485 1835 ¹1consultatum
503 1791 523 1835 a
540 1780 651 1835 senatu
667 1791 709 1834 an
725 1791 765 1835 ex
781 1791 839 1835 usn
855 1779 939 1838 emet
955 1770 1121 1859 suscipere.
1162 1771 1205 1838 In
1222 1773 1372 1860 parabola

93 1888 237 1930 censa.
258 1868 392 1956 quadam
417 1869 536 1934 Christi
554 1868 679 1950 dicitur,
704 1868 800 1956 siquis
816 1891 875 1935 rex
891 1892 962 1936 cum
984 1892 1062 1959 rege
1078 1869 1180 1938 altero
1205 1873 1290 1939 bello
1308 1894 1371 1938 cer·

257 1967 388 2034 tindum
412 1966 540 2044 habent,
559 1968 660 2054 primo
680 1968 852 2046 sedentem,
870 1969 924 2057 qui
944 1992 1011 2035 mos
1033 1977 1082 2035 est
1103 1992 1175 2036 cum
1199 1994 1280 2038 cure
1303 1995 1371 2038 eon-

257 2065 451 2142 sultentium,
475 2088 685 2153 expensurum
710 2067 796 2155 apud
820 2090 864 2144 se,
891 2090 933 2134 an
957 2068 1034 2156 ipse,
1060 2069 1117 2155 qui
1138 2070 1251 2137 decem
1277 2070 1369 2138 millia

257 2165 391 2233 militum
419 2165 546 2246 habeat,
580 2166 662 2233 hosti
687 2166 813 2234 ducenti
842 2167 890 2234 bis
917 2168 1047 2236 totidem
1073 2190 1133 2257 pur
1158 2192 1231 2237 esse
1256 2171 1368 2260 possil3

304 2346 396 2396 *Eum
415 2349 459 2410 qui
477 2348 609 2396 lacessierit
627 2347 724 2406 injuria
742 2361 792 2395 suo
839 2352 878 2396 tos
889 2348 1019 2398 Bclissrio:
1035 2349 1134 2398 iraril
1145 2352 1306 2403 αὐτᾶοῧτως
1318 2355 1368 2417 ἔχῃ,

255 2421 382 2484 poeuiicrs]
404 2424 537 2484 Procopius
558 2422 742 2470 Vandalicorurs
759 2435 789 2470 11.
839 2423 898 2470 sois
908 2421 1195 2484 ἑκοτέρωνῆγονμένονς
1205 2430 1329 2489 προσήκει
1337 2429 1368 2489 rui

260 2497 338 2558 (Cap.
355 2498 406 2556 16.)
430 2497 574 2558 μετάμελος
589 2497 641 2557 ‘yde
661 2498 688 2544 iv
707 2496 791 2544 δέοντι
838 2497 970 2558 δόξηιτῆε
983 2500 1077 2547 olsslas
1094 2500 1144 2556 cris
1156 2503 1211 2551 τῶν
1227 2503 1365 2565 ἀρχομένων
1410 2516 1412 2565 j

258 2572 412 2621 ἱττοικόσιν
427 2571 790 2632 δτιγιγνόμινος,σνγγνόμοο
838 2573 1194 2635 σωτηρίανπροΐεσθοι,ᾰλλᾰ
1202 2578 1238 2626 τά
1248 2579 1364 2626 notram

258 2665 302 2695 ros
330 2649 416 2693 αὐτοῖς
441 2648 500 2693 roirs
521 2645 679 2703 ἠδικημένους
705 2651 790 2692 ποιεῖν
838 2647 874 2694 τά
888 2666 919 2696 τι
934 2649 1061 2709 ξύμφορα,
1077 2651 1106 2697 ori
1121 2653 1218 2713 σφίσιν
1232 2655 1364 2714 airoisuo'·

258 2721 356 2768 «inien-
370 2722 507 2783 penitencie
523 2723 549 2767 irs
570 2727 672 2780 tempore
682 2722 790 2767 oberimus
838 2740 888 2780 νον,
897 2723 969 2770 α’λλιί
976 2726 1018 2772 sol
1028 2731 1085 2773 τοῖς
1094 2727 1170 2786 eoin
1180 2727 1306 2776 ἐναντίοις
1314 2728 1363 2776 ili·

258 2797 290 2842 iis
310 2798 496 2857 quiprcccrunt
515 2795 551 2842 ad
571 2797 663 2843 omiass
684 2797 790 2844 dudem
837 2797 1364 2867 cios·loecanitosslabcoet,‹ffia'sn

254 2885 388 2932 provocare
398 2872 467 2917 laesos
476 2872 542 2918 solet.
837 2873 884 2918 crit
898 2873 1109 2935 utriusquepartis
1125 2881 1253 2935 rectorum,
1266 2878 1363 2925 subdite

258 2969 262 2973 ·
303 2945 310 2979 ¹
324 2947 402 2994 Nolis
416 2948 476 3008 ipsis
491 2945 634 3008 riostrisquo]
656 2947 789 3007 Procopius
837 2961 890 2993 rura
899 2947 947 2993 sibi
961 2948 1061 2996 sulutem
1075 2965 1122 2997 nors
1132 2951 1256 3011 projicere
1264 2953 1363 3014 propris

260 3023 425 3072 Goulieorurs
443 3036 465 3070 11
487 3023 594 3071 Gotthos
613 3023 649 3070 its
665 3023 701 3071 sit
720 3023 788 3070 locu·
837 3022 919 3070 laudm
933 3021 1021 3082 studio,
1038 3024 1081 3071 secl
1095 3039 1126 3072 oo
1136 3027 1265 3088 presens,
1278 3042 1329 3090 pse
1344 3031 1363 3076 rt

258 3250 341 3332 hold’s
352 3275 504 3349 especially
518 3275 600 3330 when
614 3291 656 3330 we
669 3291 718 3331 are
733 3275 875 3331 ourselres
894 3277 1039 3332 conseious
1057 3275 1092 3331 oi
1105 3292 1186 3332 some
1200 3294 1317 3350 wrong3
1337 3294 1365 3334 or

259 3362 341 3417 when
356 3362 404 3417 the
422 3380 519 3433 wrong
535 3363 609 3416 done
625 3379 658 3417 us
674 3363 810 3434 proceeds
827 3362 902 3417 irom
922 3378 1001 3416 some
1021 3362 1128 3416 human
1148 3363 1208 3418 and
1223 3364 1366 3420 excusnblo

258 3449 410 3519 infirmity;
432 3465 465 3502 or
480 3447 560 3503 when
576 3449 598 3502 it
617 3449 640 3502 is
660 3449 774 3503 evidens
792 3449 855 3503 that
874 3447 911 3503 he
926 3447 988 3502 who
1008 3446 1059 3502 has
1073 3447 1149 3504 done
1168 3448 1221 3505 tho
1236 3451 1367 3524 wrongis

258 3535 397 3606 penitent.
435 3534 473 3588 So
490 3534 597 3597 Cicero,
612 3534 669 3586 and
682 3535 798 3590 Seneca.
836 3533 900 3587 And
912 3551 944 3588 so
966 3534 1018 3597 far,
1036 3533 1070 3588 of
1088 3533 1139 3589 the
1155 3552 1256 3591 censes
1274 3537 1309 3593 os
1323 3537 1368 3591 nb·

259 3619 382 3689 staining
393 3619 467 3673 from
480 3637 544 3680 war,
557 3617 646 3670 which
660 3620 732 3672 ariso
744 3619 818 3672 from
831 3619 879 3673 the
894 3620 1027 3674 kiudness
1041 3617 1133 3674 which
1148 3637 1191 3676 we
1204 3622 1302 3678 either
1314 3639 1368 3678 owe

259 3712 290 3761 to
306 3706 438 3768 chemino,
450 3722 483 3759 or
497 3705 602 3775 rightly
615 3704 720 3757 bestow
736 3721 813 3775 upon
828 3705 915 3760 them.

316 3792 367 3846 IV.
407 3797 422 3845 1
447 3791 533 3847 Often
549 3790 608 3845 also
627 3790 688 3842 itis
709 3806 728 3843 a
750 3790 821 3862 duty
839 3791 929 3846 which
951 3808 993 3848 we
1007 3807 1068 3847 esre
1090 3797 1120 3847 to
1143 3793 1300 3859 ourselres,
1316 3794 1369 3850 sud

259 3878 342 3933 those
356 3877 419 3932 who
436 3877 548 3948 depend
567 3892 644 3946 upon
664 3892 706 3939 us,
726 3883 776 3930 not
792 3884 821 3930 to
836 3894 918 3932 reeur
933 3886 963 3932 to
984 3894 1068 3933 arms.
1106 3877 1256 3945 Plutarch,
1275 3881 1308 3936 in
1323 3881 1369 3937 the

260 3963 309 4017 life
322 3963 355 4017 of
363 3964 466 4026 Numa,
478 3979 541 4033 says
557 3960 620 4015 thnt
635 3960 717 4016 when
729 3962 778 4016 the
790 3963 916 4018 Feciales
929 3963 985 4018 had
997 3963 1116 4019 decided
1130 3963 1196 4020 that
1207 3983 1267 4022 war
1282 3967 1371 4039 might

260 4049 297 4105 be
312 4048 489 4103 undertaken
500 4047 597 4118 justly,
611 4047 648 4104 ho
666 4048 812 4103 consulted
829 4048 877 4102 tho
890 4049 996 4104 Senatu
1011 4047 1138 4104 whether
1152 4051 1176 4106 it
1190 4069 1250 4108 was
1266 4054 1369 4109 adran-

261 4141 377 4206 tageous
391 4141 420 4189 to
433 4145 514 4188 enter
527 4151 603 4205 upon
618 4135 650 4188 it.
689 4135 724 4188 Iu
739 4150 793 4188 one
805 4133 838 4186 of
846 4133 961 4188 Christ's
971 4136 1109 4205 pnrnbles,
1118 4153 1160 4191 we
1172 4154 1224 4193 are
1236 4138 1300 4195 told
1312 4140 1372 4194 that

260 4222 342 4277 when
357 4238 375 4274 a
388 4221 465 4291 king,
480 4220 565 4291 going
583 4228 612 4274 to
628 4219 711 4274 make
726 4237 791 4283 war,
806 4219 879 4273 finds
895 4220 957 4274 thet
972 4220 1016 4274 his
1029 4220 1121 4276 forces
1139 4238 1189 4277 ore
1207 4224 1330 4280 inferior
1342 4233 1372 4282 to

260 4307 342 4364 those
357 4308 390 4363 oi
398 4307 441 4361 his
456 4323 566 4377 enemy,
579 4305 615 4360 hc
628 4306 733 4360 desircs
749 4306 908 4360 conditione
924 4306 957 4360 ol
968 4323 1065 4378 peace.
1085 4307 1167 4362 Luko
1181 4309 1239 4367 xiv.
1257 4316 1305 4370 31.

318 4400 337 4449 2
360 4393 399 4450 So
422 4393 472 4450 the
491 4391 656 4458 Tusculano,
678 4392 796 4464 bearing
818 4392 984 4466 ererything
1008 4393 1066 4449 and
1089 4393 1218 4469 refusing
1244 4398 1374 4471 nothing,¹
