2828 4920
67 246 236 316 omna]
518 206 732 306 na'eraurs.
1121 241 1183 305 283

68 417 144 503 qais
160 417 237 482 uelit
249 438 376 502 pancos
393 417 531 493 utiliter,
547 436 612 480 non
628 417 746 483 maltos
763 418 927 483 inutiliter
940 418 1070 504 punire.
1103 415 1185 481 Sunt

68 526 102 582 et
119 517 262 603 quaedam
278 539 342 582 non
365 517 509 582 humanae
526 516 708 604 simpliciter
727 525 859 595 naturae,
881 518 937 584 sed
960 517 1032 583 huic
1049 524 1082 583 et
1102 537 1185 581 nunc

67 616 268 693 inevitabilia,
294 618 354 683 ‘'ob
380 617 520 705 corporis
545 616 772 683 concretionem
798 616 831 682 in
856 617 992 682 animum
1020 627 1184 684 transcun-

69 727 144 793 tem,
162 725 218 783 aut
235 717 374 783 adultam
393 717 656 794 consuetudinem,
679 739 751 804 quro
768 727 873 784 tamen
897 718 1000 806 puniri
1021 718 1101 783 solet
1122 739 1184 783 non

70 825 135 882 tam
153 815 186 880 in
203 839 279 895 sese,
296 840 391 904 quam
408 818 467 883 zob
484 818 604 904 culpam
622 817 862 903 praecedentem,
881 818 955 906 qnia
970 826 1026 884 aut
1043 815 1186 907 neglecta

69 924 145 983 sunt
161 918 309 994 remedia,
327 927 383 984 aut
400 918 484 984 ultro
502 918 629 983 attracti
645 917 678 981 in
695 917 831 983 animum
849 919 958 984 morbi.

145 1017 219 1083 XX.
266 1020 284 1083 l
318 1017 437 1094 Tertio,
460 1017 618 1105 punienda
641 1039 704 1082 non
721 1025 795 1082 sunt
812 1028 950 1104 peecata,
969 1040 1040 1106 quae
1057 1040 1114 1084 neo
1139 1016 1185 1084 di·

70 1125 158 1183 recte
180 1139 238 1182 nec
260 1116 412 1183 indirecta
437 1126 581 1204 spectant
602 1117 643 1182 ad
666 1116 847 1183 societatem
869 1118 1048 1196 humanam,
1072 1117 1186 1185 autad

70 1218 228 1282 hominem
251 1218 397 1284 alterum.
450 1216 546 1282 Ratio
568 1224 625 1295 est,
652 1217 725 1304 qaia
746 1217 831 1282 nulla
856 1226 904 1284 cst
927 1241 1020 1286 causa
1044 1241 1100 1285 cur
1122 1239 1186 1285 non

71 1316 149 1382 talia
161 1325 289 1404 peccata
306 1317 524 1405 relinquantur
535 1317 606 1400 Deo
620 1316 786 1405 punienda,
805 1316 859 1402 qui
872 1326 905 1384 et
921 1319 962 1384 ad
975 1341 1013 1384 ca
1030 1318 1187 1385 noscenda

72 1426 122 1483 cst
139 1417 392 1505 sapientissimus,
419 1418 510 1484 etad
528 1417 734 1504 expendenda
751 1417 953 1502 equissimus,
972 1427 1005 1485 et
1027 1420 1069 1486 ad
1086 1417 1186 1484 vindi·

71 1518 173 1582 canda
194 1517 436 1604 potentissimus.
483 1518 590 1596 Quare
606 1517 647 1582 ab
669 1516 845 1582 hominibus
863 1517 983 1606 punitio
1006 1519 1078 1585 talis
1099 1517 1187 1584 insti·

72 1626 216 1683 tueretur
232 1617 325 1704 plane
342 1617 409 1684 sine
426 1618 571 1694 utilitate,
588 1639 625 1682 ac
642 1617 775 1705 proinde
792 1619 949 1684 mendose.
985 1616 1187 1706 Excipienda

72 1717 146 1782 hinc
163 1726 236 1783 sunt
253 1739 356 1806 poenao
373 1717 606 1793 emendatoria,
624 1739 694 1804 qnae
712 1740 836 1783 eausam
859 1718 977 1784 habent
993 1729 1029 1783 nt
1045 1717 1099 1805 qui
1116 1739 1187 1805 pec·

72 1817 156 1884 cavit
173 1817 282 1883 melior
298 1819 363 1896 fiat,
386 1818 507 1885 etiamsi
524 1818 607 1884 forte
629 1817 663 1896 id
677 1817 809 1884 aliorum
832 1840 894 1883 non
911 1817 1044 1891 intersit.
1092 1815 1186 1884 Puni·

64 1917 146 1999 „endi
164 1939 287 2005 quoquc
309 1941 371 1984 non
388 1926 462 1984 sunt
478 1927 566 1984 actus
589 1917 722 2006 oppositi
740 1917 909 1984 virtutibus
926 1939 1057 2005 quarum
1073 1924 1187 1983 natura

72 2018 261 2084 coactionem
281 2040 402 2084 omnem
420 2018 574 2106 repudiat,
598 2018 710 2106 inquo
734 2039 852 2106 genero
867 2026 942 2084 sant
965 2017 1186 2096 misericordia,

74 2117 256 2196 liberalitas,
275 2118 387 2207 gratiae
403 2118 524 2184 relatio.

150 2221 170 2283 2
206 2219 336 2285 Tractat
363 2218 445 2284 hanc
469 2225 570 2306 quaest
571 2217 672 2284 ionem
699 2221 830 2295 Seneca,
859 2239 901 2284 an
928 2215 1048 2308 ingrati
1079 2215 1187 2283 vitium
1201 2237 1287 2325 nqq.
1290 2239 1323 2324 ἐν

71 2317 258 2407 impunitum
276 2341 344 2384 esse
361 2320 554 2397 debeat;t
521 2328 554 2386 et
576 2341 632 2384 cur
649 2341 711 2384 non
732 2319 857 2396 debeat,
875 2318 981 2385 adfert
998 2316 1105 2394 multa,
1132 2317 1189 2382 sed
1203 2287 1232 2326 c

67 2495 608 2557 prandeltnqnerenequenomtnnennena
656 2506 829 2551 rnunonrrrrs,
854 2493 896 2540 De
914 2492 978 2541 Iure
996 2491 1058 2540 Ναί.
1078 2496 1100 2539 et
1120 2492 1189 2541 Geni.

72 2574 101 2618 td
117 2587 195 2619 renem
203 2573 258 2632 sert
273 2577 369 2618 natura
402 2572 475 2618 Adde
489 2571 607 2617 Basilium
657 2569 712 2618 Lib.
724 2582 741 2615 ι.
759 2583 810 2630 cap.
821 2583 844 2617 v.
861 2567 910 2630 §⁸-
940 2567 1013 2616 J.B.

72 2650 248 2709 Imperatorem
264 2662 318 2707 cap.
330 2650 368 2696 60.
401 2648 558 2707 (Paranetic.
575 2646 607 2693 ed
701 2647 765 2693 tOb
781 2647 890 2706 corporie
907 2646 1074 2693 concretionem
1091 2646 1116 2694 in
1133 2647 1188 2695 arri·

72 2724 180 2771 Leonem
191 2720 301 2785 Filium.)
656 2737 718 2768 mun
728 2719 898 2782 transeuntem]
915 2722 1006 2768 Seneca
1019 2722 1049 2770 de
1064 2721 1111 2769 Ira
1125 2722 1188 2770 libro

118 2797 606 2860 ¹InerJannorPitto]Dentoselroro
657 2810 686 2843 ιι.
704 2811 758 2856 cap.
770 2799 806 2842 18.
825 2811 915 2843 noram
935 2797 1063 2846 varietates
1082 2798 1189 2846 mixtura
1247 2815 1249 2819 ·

72 2889 115 2922 111.
126 2891 150 2936 p.
159 2876 212 2923 bib.
223 2890 244 2922 c.
252 2875 309 2921 addi
319 2879 401 2934 potest
412 2874 565 2919 Abenesdrns
575 2875 606 2919 nd
656 2872 818 2918 eternentorurn
827 2872 902 2931 satit,
912 2878 934 2920 et
943 2873 1048 2933 preinde
1057 2874 1084 2920 in
1092 2874 1190 2936 aliquae

71 2950 166 2998 Jobum
177 2965 202 2997 v.
212 2951 236 2997 7.
246 2953 272 2995 et
282 2949 408 2994 Babhiaus
419 2948 495 2993 lsrael
506 2961 526 2994 c.
536 2950 561 2996 8.
655 2948 733 3007 napis
744 2949 878 2994 interimebant
887 2949 992 3010 inperia,
1002 2955 1076 3010 prout
1086 2951 1190 3010 alianae

117 3032 130 3057 κ
146 3022 272 3068 Diodorus
286 3020 395 3081 Siculae]
413 3023 480 3067 ldem
496 3022 521 3066 in
538 3024 606 3082 frag·
655 3023 759 3070 elementi
769 3023 893 3082 majorata
902 3026 1040 3073 mundavit.
1062 3027 1129 3073 Alibi
1137 3028 1188 3074 haec

71 3096 175 3142 mentis:
200 3095 234 3154 pri
257 3101 428 3155 συκοφαντεῖν
450 3095 606 3154 ἀνθρωπίνης
655 3111 683 3143 ea
700 3104 778 3158 vocat,
800 3113 855 3158 quae
875 3100 987 3145 attribuit
1007 3101 1114 3148 conditio
1133 3116 1189 3148 nae-

72 3174 174 3231 φὺσεωο
189 3171 237 3225 τήν
250 3169 388 3217 ἀσθένειαν
404 3184 450 3215 non
460 3175 552 3230 eportet
559 3185 606 3231 per
654 3173 724 3218 cendi
744 3179 769 3220 et
786 3174 894 3234 corporis
910 3179 1084 3236 temperatura.
1125 3176 1187 3238 Epi·

71 3247 216 3294 celurnninnr
237 3246 362 3292 traducere
382 3247 543 3304 irfirnrilntcrn
562 3247 606 3292 liu·
655 3249 718 3295 stela
731 3262 770 3296 ιι.

71 3338 145 3369 manre
156 3329 255 3368 nntrrrre.
275 3321 604 3381 (E.Lib.xxv1.Eelog.1.)
699 3325 762 3370 ⁸Ob
776 3327 870 3386 culpam
884 3329 1064 3390 precedentem]
1088 3330 1151 3377 Vide
1164 3345 1186 3379 c.

117 3397 128 3425 ⁰
144 3398 233 3443 Merito
248 3397 294 3444 hoc
304 3397 383 3457 rejicit
393 3402 418 3442 et
433 3398 543 3443 confutat
554 3398 605 3444 Pa·
654 3400 842 3448 inebriaverunt.
853 3403 877 3450 9.
888 3418 961 3450 cauea
970 3417 1015 3451 xv.
1025 3409 1111 3465 quast.
1121 3409 1146 3455 1.

708 3545 871 3556 -—--.

71 3665 147 3703 man.
195 3647 256 3702 The
271 3665 371 3702 reason
386 3649 419 3713 is,
434 3648 497 3704 that
510 3649 591 3706 there
603 3650 627 3706 is
642 3667 679 3706 no
695 3669 779 3707 cause
793 3651 854 3724 why
866 3652 935 3707 such
948 3654 1004 3709 sins
1016 3653 1118 3711 should
1134 3664 1185 3713 not

71 3736 108 3790 bc
123 3735 176 3790 lest
188 3742 219 3790 to
233 3734 298 3789 God
322 3743 351 3790 to
376 3735 487 3807 punish,
502 3735 564 3790 who
583 3754 636 3792 can
649 3737 720 3792 both
741 3739 824 3792 know
844 3740 922 3794 them
944 3740 1015 3806 best,
1030 3741 1087 3796 and
1095 3743 1185 3816 judgc

72 3822 152 3876 them
172 3829 246 3876 most
269 3822 368 3893 justly,
398 3823 454 3876 and
474 3824 577 3894 punish
599 3822 677 3878 them
699 3832 773 3878 most
793 3825 963 3898 effectually.
1018 3827 1185 3885 Whercfore

71 3909 98 3962 if
109 3907 177 3962 such
193 3927 210 3961 a
225 3908 408 3979 punishment
423 3926 495 3963 were
510 3910 670 3977 instituted,
685 3912 707 3964 it
727 3912 818 3965 would
836 3913 871 3968 bc
889 3913 1001 3977 useless,
1017 3913 1074 3967 and
1093 3915 1184 3970 thorc-

72 3994 134 4048 forc
149 3993 318 4048 blameablc.
347 3996 432 4050 From
455 3995 512 4050 this
530 3997 641 4050 remark
666 4014 715 4051 arc
731 4005 760 4052 to
783 3999 819 4054 be
838 4001 973 4074 exceptcd
990 4001 1186 4072 punishruents

72 4080 119 4133 for
131 4079 322 4144 amendmcnt,
337 4081 426 4135 which
443 4081 514 4136 hare
526 4083 571 4136 sor
584 4083 659 4137 their
672 4084 766 4154 object
782 4092 810 4139 to
830 4087 912 4141 make
933 4087 982 4142 tho
997 4105 1064 4141 man
1084 4087 1186 4154 better,

73 4166 182 4236 though
202 4165 252 4220 the
275 4167 393 4221 interest
415 4168 449 4222 of
466 4169 562 4224 others
585 4171 607 4224 is
627 4177 677 4224 not
700 4173 865 4226 concerned.
903 4172 971 4226 Also
989 4174 1186 4245 punishmente

73 4269 122 4306 aro
140 4259 191 4306 not
207 4253 289 4307 teba
310 4253 436 4309 inssictcd
456 4272 493 4309 on
513 4263 573 4311 acts
586 4257 713 4328 opposed
732 4264 761 4311 to
775 4257 856 4312 those
873 4259 977 4313 virtues
990 4258 1023 4312 of
1034 4259 1122 4315 which
1135 4260 1185 4318 tha

72 4347 174 4394 naturo
184 4341 284 4408 rejects
296 4341 335 4394 all
348 4342 534 4413 compulsion,
550 4361 580 4398 as
596 4360 700 4415 nrercy,
716 4344 866 4416 liberality,
880 4344 1032 4415 gratitudo.

128 4431 145 4479 2
173 4425 282 4481 Seneca
297 4435 385 4482 treats
399 4428 455 4484 this
471 4432 609 4502 question,
621 4430 760 4486 Whothcr
778 4430 951 4502 ingratitudo
966 4430 1055 4503 ought
1068 4439 1098 4488 to
1111 4443 1188 4490 meet
