2828 4920
91 284 168 343 Cur.
181 282 235 356 X.]
259 287 312 343 DE
328 285 594 343 OBLIGATIONE
610 286 703 353 QUAE
718 285 774 346 EX
788 288 961 348 DOMINIO
977 289 1135 346 ORITUR.
1168 279 1210 348 19

93 451 361 543 eomprehendam
391 449 486 518 etism
510 449 564 539 jus
588 450 625 543 iu
648 473 808 541 personas,
835 476 899 542 qus
924 452 1002 521 utile
1027 452 1118 522 uobis
1140 475 1209 522 esse

93 559 214 644 potest)
237 562 381 621 autnon
405 551 610 619 exstantibus.

174 657 195 722 2
230 657 258 722 Ε
275 653 371 720 rebus
388 652 583 720 exstantibus
600 653 749 744 obligatio
770 655 839 722 haeo
860 654 1008 733 nascitur,
1026 676 1089 744 qus
1104 658 1211 723 “tene-

92 756 203 834 turis,
230 754 285 844 qui
302 775 370 820 rem
387 761 527 819 nostram
544 753 642 821 habet
658 755 691 820 in
712 777 770 822 sus
785 765 951 843 potestate,
974 755 1097 823 efficere
1112 777 1212 844 qusn-

93 864 165 922 tum
182 855 216 923 in
231 878 266 923 se
283 863 344 940 est,
370 853 455 921 utin
469 861 609 921 nostram
627 864 815 943 potestatem
830 857 946 924 veniat.
999 856 1160 935 Quantum
1176 854 1210 921 iu

93 977 132 1023 se
153 965 211 1035 est,
238 956 327 1035 dioo;
354 977 457 1044 neque
480 953 561 1021 euim
585 955 744 1046 obligatur
765 958 807 1024 ad
827 956 1025 1046 impossibile,
1045 977 1149 1044 neque
1168 955 1210 1023 ad

93 1055 292 1125 reddendam
313 1079 382 1125 rem
404 1055 469 1123 suis
485 1054 652 1142 impensis:
678 1058 734 1124 sed
751 1056 890 1126 indicare
912 1066 1049 1135 tenetur,
1074 1065 1112 1123 ut
1127 1055 1210 1123 alter

93 1157 239 1246 recipere
256 1181 346 1226 suum
361 1157 468 1249 possit
514 1157 598 1222 Nam
620 1155 700 1225 sieut
714 1158 748 1223 in
769 1182 876 1226 rerum
893 1157 1101 1225 communium
1122 1165 1210 1224 statu

94 1257 296 1327 observanda
321 1271 392 1328 erat
412 1257 574 1346 aequalitss
590 1258 745 1346 quosdam,
771 1269 807 1327 ut
821 1258 894 1327 huie
916 1281 980 1325 non
994 1258 1096 1325 minus
1115 1279 1212 1346 quam

93 1358 190 1427 alteri
214 1362 310 1429 rebus
335 1359 549 1427 communibus
578 1358 626 1426 uti
650 1359 776 1438 lieerot;
803 1360 849 1427 ita
870 1359 1048 1427 introducto
1075 1356 1212 1425 dominio

93 1459 166 1528 hies
190 1461 298 1551 ²quasi
319 1461 452 1530 societas
476 1459 559 1529 inter
578 1459 720 1528 dominos
742 1470 903 1530 contracta
927 1468 985 1539 est,
1011 1467 1048 1526 ut
1068 1457 1124 1548 qui
1142 1480 1211 1525 rem

93 1641 123 1690 oi
141 1642 200 1689 eois
214 1639 384 1702 ἁρπάσαντας
400 1640 442 1688 sei
456 1639 630 1702 ἀφελομένους
679 1643 808 1698 recesserit,
818 1637 1210 1700 tusemaloefideipouessorpoe.

93 1718 217 1778 ἀφέντος,
226 1718 333 1765 ἑκοὶνονς
342 1716 487 1764 κελεύουσιν
497 1717 630 1777 ἀπαιτεῖν,
679 1717 781 1775 hibetur,
790 1723 846 1765 tune
852 1715 919 1774 juste
927 1715 1029 1773 injustus
1033 1727 1159 1776 porussos·
1167 1728 1210 1762 vo·

93 1792 160 1854 παρ’
170 1793 209 1841 οἷο
219 1793 251 1840 ἂν
261 1795 328 1853 εὕροι
337 1809 379 1840 ree
389 1789 424 1839 rei
439 1792 517 1838 αὐτοῦ
528 1791 630 1852 κείμενα
679 1793 783 1839 cabitur.
812 1791 923 1838 Pertinet
943 1790 990 1837 buc
1005 1794 1031 1837 et
1044 1789 1085 1837 lex
1099 1788 1211 1851 Wisigo-

96 1869 214 1919 e'a'esors.
244 1869 302 1916 Ηοο
315 1873 338 1915 et
352 1867 433 1915 seculi
447 1867 554 1928 probam
568 1866 630 1927 leges
679 1867 778 1913 thorum
793 1865 847 1914 Lib.
858 1879 897 1915 rx.
912 1866 950 1914 tit
961 1868 983 1913 1.
997 1880 1020 1913 ο.
1029 1865 1054 1914 9.
1084 1865 1209 1912 Interdum

92 1958 147 2006 que
163 1943 209 2001 jue
227 1944 296 1991 nobis
308 1943 416 2004 saciant,
432 1942 517 1989 omisso
532 1947 631 2002 raptore
679 1955 737 1988 vero
747 1942 779 1988 ob
786 1955 871 1988 esusas
879 1955 965 2002 graves
973 1941 1015 1988 lex
1024 1940 1100 1988 civilis
1106 1940 1213 1988 intendit

93 2019 212 2080 estsere,
222 2033 262 2066 eos
271 2018 413 2079 compellare
426 2018 469 2079 qui
482 2031 522 2066 ree
536 2024 631 2064 nostras
679 2023 803 2078 augetque
812 2018 874 2064 hano
884 2017 1065 2078 obligationem,
1071 2023 1099 2064 ut
1106 2017 1132 2063 in
1142 2029 1213 2064 servo

94 2096 274 2158 quotacunque
288 2109 323 2143 eoe
336 2095 384 2142 siat
395 2100 477 2142 unns.
493 2093 629 2155 (Temni.
678 2093 783 2153 fugitivo
802 2093 843 2140 lex
858 2093 1016 2155 Burgundios
1029 2091 1074 2140 lib.
1089 2105 1109 2142 1.
1125 2093 1164 2140 tit.
1179 2090 1213 2142 ri.

93 2187 157 2237 pag.
173 2174 226 2221 338.
243 2172 294 2219 Ed.
312 2169 404 2231 Saett.)
421 2170 582 2232 Hieronymus
598 2169 633 2216 ed
680 2168 749 2215 Bous
759 2183 814 2229 quse
825 2167 1102 2230 dominisperiujnrism
1112 2168 1210 2216 sdeme·

95 2248 248 2297 Lesiticum:
274 2245 352 2294 Multi
367 2245 418 2292 riae
427 2251 527 2306 peceato
543 2250 631 2306 putent
679 2249 718 2288 rot
738 2243 900 2301 Domitianus,
919 2242 1002 2290 Neres
1016 2243 1112 2291 restitui
1127 2243 1210 2305 jussit.

95 2323 189 2381 essssi
198 2323 303 2370 atieruers
312 2321 378 2382 quod
388 2321 519 2367 invenerint
532 2325 631 2378 mast,
680 2318 762 2365 Habet
776 2319 801 2366 id
817 2318 959 2380 xiphilinus
975 2321 1047 2383 (pag.
1062 2322 1108 2368 240
1119 2333 1144 2368 o.
1158 2319 1211 2370 Ea

92 2401 228 2450 adisset:
244 2398 314 2445 Deus
323 2396 383 2443 mihi
395 2395 468 2444 dedit.
494 2395 541 2444 Cui
556 2396 630 2443 haheo
679 2393 714 2442 Η.
734 2394 828 2455 Steph.)
854 2395 929 2456 Apud
946 2395 1093 2457 Procopium
1114 2394 1211 2444 Gottlsi·

93 2473 217 2526 reddere?
238 2473 352 2532 Discunt,
366 2471 410 2518 boc
419 2475 544 2531 peceatum
554 2471 631 2517 sistite
680 2486 760 2518 eorum
771 2485 800 2519 11.
820 2471 977 2519 Belisariuse
996 2473 1066 2532 οἶμαι
1085 2471 1106 2521 d'
1127 2471 1213 2534 ἔγωγε

94 2550 257 2610 merapinae,
269 2549 293 2594 si
309 2546 522 2608 quiritantium
535 2544 631 2592 reddat.
679 2546 728 2593 τόν
742 2564 775 2593 το
788 2547 951 2607 βιασάμενον,
966 2547 1047 2596 κοὶὸς
1062 2547 1093 2596 ὃν
1108 2548 1145 2596 rei
1163 2547 1211 2595 τοῦ

94 2626 146 2689 [At
160 2625 229 2671 locus
244 2623 286 2670 ille
303 2634 353 2668 non
369 2626 407 2668 eet
424 2620 573 2682 Hieronymi,
587 2619 631 2667 sed
679 2622 763 2670 πέλας
774 2622 891 2670 inserirur
901 2622 1119 2686 psidrodsdgistdu
1129 2623 1209 2673 stete

95 2699 221 2761 Origeuis,
235 2713 266 2746 ex
279 2695 630 2758 flom.1r.incep.6.teeie.
680 2695 786 2758 ὲκοίνγο
800 2698 873 2745 εἶναι.
904 2697 972 2744 Mihi
986 2698 1022 2747 ita
1037 2698 1093 2748 libet
1107 2699 1213 2759 creden,

94 2776 163 2824 nude
174 2788 257 2821 versus
267 2778 317 2832 est3
331 2777 360 2819 ut
374 2772 400 2819 in
410 2771 525 2819 Editioue
535 2771 631 2818 Pithos·
676 2773 738 2833 puri
747 2773 799 2821 ioco
808 2788 858 2821 esee
866 2788 905 2821 ree
914 2773 1007 2822 alienus
1015 2780 1098 2837 spem
1110 2777 1214 2825 retinen

94 2865 146 2900 sus
163 2849 279 2911 Corporis
294 2847 364 2896 Juris
380 2847 498 2895 Csuouiei
518 2848 630 2894 obserua-
680 2855 733 2908 tem,
759 2856 783 2898 et
801 2865 848 2897 non
867 2851 1007 2912 reddentem,
1027 2867 1080 2902 eum
1103 2859 1212 2916 raptore.

95 2933 161 2976 tum.
175 2926 203 2974 J.
213 2925 257 2986 B.]
278 2924 434 2986 Augustinus
444 2924 560 2971 Sermone
570 2936 630 2971 ιιι.
680 2925 751 2987 (Cap.
759 2925 794 2986 6.)

94 3002 219 3052 eiel'erbis
227 3002 354 3063 Apostoli:
372 3000 402 3048 Si
415 3000 476 3062 quid
483 2999 596 3047 mamiato·
609 3005 632 3047 et
725 3001 849 3048 'Nullam
869 3003 1018 3064 societatem,
1037 3005 1133 3053 nullum
1153 3019 1212 3068 pse·

94 3094 145 3129 sos
155 3078 291 3134 reddidisti,
304 3077 417 3138 rapuisti.
447 3076 557 3124 Deindez
582 3075 632 3134 Qut
681 3082 743 3134 tum,
751 3076 804 3123 heic
814 3077 951 3140 intelligere
960 3093 1058 3128 neeesse
1071 3085 1116 3129 est.
1148 3081 1213 3130 Vide

96 3155 203 3202 alienum
222 3156 302 3212 negot,
327 3152 350 3198 si
374 3156 457 3212 posset
480 3155 504 3198 et
531 3151 632 3198 tolleret.
681 3167 736 3214 qum
751 3153 796 3200 hae
811 3153 842 3199 de
858 3167 892 3211 re,
904 3155 976 3203 simul
989 3161 1015 3204 et
1029 3157 1061 3204 de
1072 3162 1126 3204 toto
1137 3171 1213 3220 argu·

96 3231 236 3290 Utrumque
255 3227 387 3275 Gratisuus
402 3226 488 3275 retulit
507 3227 533 3272 in
553 3240 631 3273 censae
681 3234 765 3276 mento
779 3229 849 3276 istius
866 3229 968 3291 Capitis,
987 3233 1092 3281 diximus
1107 3233 1133 3280 iu
1148 3234 1213 3282 notis

93 3321 155 3358 xxv.
170 3305 327 3367 questionem
337 3316 362 3352 r.
379 3302 439 3350 Cen.
450 3302 472 3350 (i.
485 3307 510 3349 et
519 3305 543 3350 8.
562 3302 631 3349 ldem
681 3306 712 3351 sd
732 3306 956 3365 Purssnonrruu,
974 3308 1016 3356 De
1031 3308 1097 3358 lure
1110 3310 1171 3359 Nat.
1190 3315 1213 3360 et

95 3384 254 3446 Augustinus
270 3381 299 3427 de
311 3379 375 3448 Fide
390 3384 413 3426 et
431 3377 549 3439 Operibus
564 3378 631 3437 (cap.
683 3381 752 3430 Gent.
763 3382 818 3429 Lib.
829 3395 866 3430 nv.
877 3396 928 3442 cap.
940 3384 989 3431 xiii.
1005 3384 1105 3431 ulterius
1116 3383 1211 3433 Editio-

96 3461 139 3522 7)=
154 3459 223 3507 Sient
230 3458 289 3517 jare
294 3455 444 3518 prediorum
458 3453 550 3500 tassdtu
564 3454 630 3514 quis-
680 3457 726 3514 uis,
741 3457 783 3504 nbi
794 3458 1019 3507 omnissoeumtius
1031 3461 1158 3522 exsequuti
1171 3473 1213 3509 eu·

95 3534 288 3600 quebosoefidei
293 3546 419 3594 possessor
427 3530 557 3578 rectissime
570 3528 631 3577 dici·
680 3545 743 3592 mus,
760 3546 832 3592 quam
848 3534 875 3580 in
894 3534 973 3595 prims
989 3535 1114 3596 Editione,
1131 3540 1163 3596 et,
1183 3540 1213 3586 ut

95 3611 269 3674 mmeritis
283 3608 445 3672 repossidere
459 3607 557 3667 ipsorat
572 3605 632 3652 atie·
680 3614 801 3669 putamus‚
820 3625 893 3672 quem
910 3612 942 3658 sb
959 3611 1010 3660 ullo
1025 3613 1105 3661 &hue
1119 3612 1212 3662 meum

94 3703 172 3741 sess:
194 3685 486 3744 rememorantem
503 3682 535 3730 ab
552 3681 631 3729 alieno
680 3684 769 3733 tuerat.
797 3684 866 3737 J.B.

156 3946 175 3996 2
200 3941 287 3997 From
301 3941 397 4014 things
412 3948 519 4007 extant,
532 3941 590 3998 thie
604 3939 760 4013 obligation
774 3940 877 4006 srises;
899 3939 962 3996 that
979 3939 1017 3995 ho
1038 3938 1102 3994 who
1123 3937 1175 3994 has
1196 3953 1215 3994 s

95 4027 181 4100 thing
194 4027 229 4084 oi
241 4029 317 4083 mine
332 4029 363 4082 in
377 4027 421 4084 his
429 4040 529 4102 power
544 4029 569 4086 is
582 4028 681 4085 bound
692 4033 723 4084 to
739 4027 776 4082 do
791 4044 822 4082 so
838 4044 869 4082 ns
886 4026 972 4082 much
986 4043 1018 4081 os
1032 4024 1070 4080 ho
1084 4041 1139 4080 can
1150 4023 1215 4082 thes

94 4116 123 4172 is
136 4133 202 4188 may
216 4131 297 4171 come
311 4115 373 4170 into
387 4132 436 4188 my
447 4133 551 4190 power.
587 4117 603 4171 1
617 4133 676 4188 say,
687 4132 718 4170 ss
733 4113 818 4169 much
833 4130 864 4168 as
875 4112 912 4168 he
928 4130 996 4168 can:
1015 4113 1062 4168 for
1075 4111 1112 4168 he
1127 4112 1215 4169 unos

95 4202 212 4275 obliged
223 4209 254 4258 to
264 4201 340 4257 what
355 4202 379 4257 is
390 4203 563 4275 impossible,
574 4220 629 4258 nor
637 4210 667 4258 to
678 4208 786 4258 restore
795 4200 845 4256 the
857 4198 939 4271 thing
953 4206 983 4255 to
994 4217 1041 4255 me
1052 4204 1084 4254 at
1094 4197 1138 4255 bis
1149 4215 1214 4256 own

94 4306 240 4363 expens03
261 4290 315 4345 but
333 4288 410 4346 heis
431 4289 529 4345 bound
544 4296 575 4345 to
596 4291 722 4346 indicate
740 4289 773 4353 it,
786 4287 849 4342 that
871 4286 992 4342 another
1012 4304 1078 4361 muy
1098 4302 1216 4343 reoorer

94 4376 175 4433 what
192 4379 216 4434 ie
230 4378 284 4434 his.
319 4377 378 4432 For
398 4393 429 4432 as
444 4377 475 4431 in
493 4375 543 4432 tho
560 4383 635 4433 state
650 4376 685 4432 ot'
696 4375 871 4446 commuuity
892 4374 926 4429 of
941 4373 1044 4446 things,
1065 4392 1085 4430 s
1105 4373 1215 4431 certain

93 4464 225 4540 equslity
238 4481 319 4523 osme
333 4470 364 4522 to
378 4464 416 4521 be
432 4463 580 4531 observem
599 4480 631 4522 eo
646 4463 710 4522 thot
723 4479 779 4521 one
791 4460 882 4535 might
896 4460 933 4518 bo
947 4462 1011 4518 sble
1026 4467 1057 4518 to
1067 4479 1120 4520 use
1132 4460 1215 4520 those

1019 4562 1112 4629 2-2
