2828 4920
231 221 298 287 322
683 228 737 285 DE
758 227 898 286 POENIS.
1226 222 1298 295 [lua
1309 228 1341 284 ll

230 392 309 459 satis
324 390 461 459 ostendit
483 390 683 457 traditionem
699 412 721 456 a
737 389 846 478 primis
863 387 1039 456 hominibus
1052 387 1098 455 ad
1115 408 1176 452 noe
1193 408 1342 478 propaga·

231 500 308 569 tam,
329 512 367 557 ac
393 511 552 578 nunquam
572 490 671 558 solide
692 492 871 569 refutatam,
893 489 979 579 quod
1000 488 1052 556 vel
1071 486 1177 555 solum
1195 486 1243 555 ad
1258 488 1343 555 tidem

232 589 408 659 ludendam
425 590 502 657 satis
518 600 576 659 est

308 693 331 758 4
366 688 536 779 conjunxit
560 713 600 758 oa
624 714 696 780 qum
720 699 895 758 memorata
918 687 1008 757 nobie
1027 687 1098 778 jam
1122 695 1204 755 snut
1225 687 1268 755 de
1282 688 1345 756 Deo

68 804 204 858 mals
231 791 317 858 Dion
347 791 548 871 Pruaacnsis,
571 814 641 858 curn
667 790 748 859 dixit
772 786 957 881 ὑπόληψιν,
974 789 1008 856 id
1029 796 1088 866 est,
1109 786 1346 877 persuasionem

231 892 274 959 de
291 894 371 969 Deo,
388 890 481 957 aliam
497 913 567 957 ceso
583 891 672 958 nohis
688 901 865 980 cognatam,
886 914 929 957 cx
944 887 1141 978 argumentis
1158 888 1283 956 scilieet
1297 911 1347 976 pe·

232 991 334 1067 titam
352 990 445 1057 aliam
463 987 645 1073 ἐπίκτητον
664 990 847 1079 acquisitam
864 1012 904 1057 ex
922 989 1105 1058 traditione.
1156 988 1347 1055 Plutarchus

68 1105 200 1146 Μαίη·
234 1091 366 1157 caudam
400 1100 492 1158 vocat
525 1089 673 1160 παλαιὰν
706 1092 836 1171 πίστιν,
871 1083 908 1173 ἧς
941 1085 998 1159 odtr
1023 1082 1121 1159 ἔστιν
1146 1094 1262 1159 εἰπεῖν
1285 1080 1345 1157 oid

66 1151 161 1203 aran
247 1186 256 1210 ‚

234 1192 383 1284 ανευρεῖν
415 1186 590 1283 τεκμήριον
624 1187 883 1283 ἐναργέστερον,
917 1181 1015 1283 ἕδραν
1045 1187 1101 1258 troi
1134 1182 1251 1274 βάσιν
1273 1184 1349 1282 dpe-

234 1293 373 1361 στῶσον
405 1287 509 1371 «carrio
543 1287 626 1384 npdc
660 1287 849 1377 εὖσὲβειαν·
885 1293 1060 1377 antiquam
1082 1291 1348 1376 permenam,

234 1412 303 1479 pcc
327 1389 461 1456 nullum
486 1391 603 1457 lichni
626 1393 733 1477 percit
759 1403 820 1458 ont
846 1391 918 1457 dici
947 1401 1184 1474 argumentum
1218 1391 1348 1466 certitu,

223 1491 484 1578 sundcrnentum
510 1493 550 1556 in
607 1514 748 1558 errrrnnno
777 1491 901 1577 pietati
927 1491 1084 1576 penitam
1137 1488 1349 1556 Aristoteles:

68 1611 219 1660 ”torma
234 1586 356 1664 πάντες
378 1584 544 1681 ἄνθρωποι
567 1589 644 1683 errpi
670 1592 753 1659 θεῶν
777 1584 913 1684 ἔχουσιν
937 1582 1120 1680 ὑπόληψιν.
1171 1590 1267 1657 Idem
1283 1610 1350 1656 scn-

65 1707 195 1795 mg*
232 1713 286 1758 sue
310 1684 576 1777 apud'l'lntonem
593 1694 631 1757 de
648 1693 793 1777 Lepidae
807 1690 937 1757 decime.

309 1791 428 1857 XLVI.
481 1793 500 1856 l
538 1793 645 1869 Quare
671 1812 734 1856 non
759 1800 874 1857 vacant
899 1789 991 1877 culpa
1015 1787 1079 1877 qui,
1106 1786 1237 1855 etiamsi
1255 1789 1370 1869 hebo?

231 1887 322 1959 tiaris
338 1890 401 1957 siut
426 1889 543 1981 ingenii
564 1912 657 1977 quam
679 1899 716 1957 ut
737 1899 824 1956 certa
845 1890 888 1956 ad
909 1890 979 1956 illas
995 1888 1139 1955 notiones
1156 1899 1368 1979 argumenta·

231 1999 289 2058 aut
304 1989 445 2079 reperire
466 1988 595 2078 possint,
617 1998 673 2056 aut
692 1990 967 2078 comprehendere,
991 2011 1045 2054 eas
1065 1988 1254 2076 repudiant,
1281 2012 1348 2056 cum

231 2099 265 2158 et
281 2089 323 2157 ad
340 2090 505 2157 honestum
530 2089 593 2156 sint
617 2088 720 2166 duces,
739 2098 772 2156 ct
795 2089 921 2156 diversa
946 2087 1103 2155 sententia
1128 2088 1230 2155 nullis
1253 2111 1347 2178 argu·

230 2189 345 2257 mentis
360 2190 490 2257 nitatur.
515 2189 580 2256 Sed
596 2189 670 2276 quia
686 2190 726 2255 de
743 2188 841 2277 pmnis
857 2198 890 2256 ct
907 2186 1032 2275 quidem
1048 2186 1199 2254 humanis
1214 2187 1345 2279 agimus,

231 2289 397 2357 ffiwmmen
422 2289 474 2356 hic
498 2289 710 2355 adhibendum
735 2299 783 2355 est
808 2288 893 2354 iuter
918 2287 1061 2355 notiones
1084 2286 1184 2377 ipsas,
1210 2298 1246 2356 ct
1267 2288 1346 2354 in'rr

230 2389 358 2456 modum
382 2391 424 2457 ab
449 2389 487 2455 iis
511 2388 699 2456 discedendi.
742 2387 807 2454 Hm
826 2387 978 2465 notiones,
999 2409 1115 2454 numen
1130 2387 1266 2477 aliquod
1281 2410 1346 2455 csse

231 2491 341 2576 (unum
358 2512 400 2557 an
415 2489 507 2578 plura
521 2491 650 2577 sepono)
668 2497 701 2554 et
718 2487 821 2554 curari
837 2488 878 2554 ab
895 2510 933 2554 eo
949 2509 1002 2554 ree
1016 2486 1192 2566 hominum,
1210 2488 1345 2561 maxime

229 2599 304 2658 suut
326 2590 526 2668 universales,
550 2597 583 2656 ct
606 2591 648 2655 ad
673 2587 866 2676 religionem,
893 2587 1101 2664 decreram,
1127 2586 1198 2655 sire
1222 2588 1343 2665 falsam

229 2690 478 2757 constituendam
507 2689 631 2755 omnino
662 2687 863 2753 necessario:
895 2682 958 2756 cdo
990 2683 1274 2783 προσερχόμενον
1297 2691 1343 2777 τῷ

232 2792 320 2880 θεῷ,
337 2790 383 2875 (id
410 2799 468 2867 cst,
495 2792 553 2876 qui
575 2789 763 2874 religionem
787 2789 931 2854 trabeae.-
955 2809 1029 2854 nam
1051 2787 1165 2877 religio
1192 2786 1344 2854 Hebraeis

229 2911 372 2957 accessus
388 2888 429 2955 ad
449 2891 549 2953 Deum
567 2891 709 2972 vocatur)
727 2889 909 2957 πιστεῦσαι
935 2878 985 2956 dri
1007 2884 1062 2956 ὅτι
1086 2883 1179 2964 ἐστὶ,
1196 2888 1255 2958 καὶ
1274 2890 1344 2959 τοῖς

229 2985 423 3084 ἐκζητοῦσιν
441 2983 542 3056 αὗτόν
558 2978 805 3069 μισθαποδότης
822 2989 972 3076 γίνεται·
997 3009 1070 3054 ettm
1092 2990 1226 3055 credere
1253 3011 1346 3077 opor·

230 3101 274 3156 tet
291 3098 320 3155 et
336 3112 401 3156 ecee
417 3089 534 3166 Deum,
553 3100 584 3174 et
601 3089 644 3152 eh
661 3110 696 3153 eo
707 3089 852 3172 premia
869 3088 950 3152 dori
966 3109 1000 3154 ee
1016 3088 1205 3155 conatione.

227 3381 309 3450 great
322 3392 340 3431 a
351 3373 460 3445 variety
483 3373 517 3427 of
531 3372 614 3427 other
633 3374 698 3428 lans
718 3372 775 3427 and
796 3371 880 3427 other
899 3370 1039 3443 opinions,
1059 3372 1148 3428 ehem
1170 3376 1347 3450 sufficiently

228 3480 247 3518 a
261 3463 396 3518 tradition
411 3460 585 3534 propagated
599 3459 672 3513 from
689 3459 738 3514 the
758 3460 819 3512 thret
840 3474 906 3512 race
924 3458 957 3512 ol
977 3475 1044 3513 mon
1061 3467 1092 3513 to
1110 3475 1153 3522 us,
1175 3462 1236 3516 and
1260 3480 1347 3520 never

228 3549 330 3621 aolidly
344 3547 479 3612 refuted3
496 3544 587 3599 which
603 3546 636 3598 of
645 3545 724 3598 iteclf
736 3546 759 3598 is
771 3544 910 3599 sufficient
925 3552 956 3599 to
971 3544 1096 3618 produce
1107 3543 1206 3601 belief.

287 3641 305 3690 t
340 3635 402 3689 The
431 3634 524 3705 points
550 3630 641 3684 which
671 3647 711 3684 nc
740 3630 809 3684 hero
843 3632 970 3686 mention
997 3630 1170 3702 concerning
1201 3632 1272 3689 uod
1298 3653 1346 3692 are

227 3720 353 3792 brought
369 3719 501 3792 together
513 3719 551 3790 hy
562 3718 618 3772 Dio
628 3717 897 3779 P1·usnoeneis,when
908 3717 945 3774 ho
957 3735 1020 3789 says
1028 3717 1092 3773 that
1103 3732 1157 3772 our
1169 3723 1346 3794 conception

228 3809 262 3866 of
275 3807 339 3864 God
355 3807 377 3862 is
393 3806 487 3879 partly
503 3803 632 3865 internal,
648 3804 741 3874 partly
757 3803 890 3874 acquirod
909 3805 948 3876 hy
962 3804 1107 3859 tradition.
1149 3803 1190 3858 So
1202 3806 1345 3864 Plutarch

226 3895 329 3967 speaks
351 3893 385 3948 of
404 3895 445 3948 tltc
466 3894 572 3945 crucient
587 3892 674 3964 seith,
689 3893 755 3944 than
772 3890 857 3943 which
878 3909 1006 3946 necatore
1026 3891 1128 3946 cuidant
1144 3895 1304 3967 proofcan
1318 3897 1346 3951 ho

218 3983 324 4052 found,
343 3981 384 4034 tte
402 3995 524 4034 ceramon
535 3977 705 4052 sortndctien
726 3977 784 4030 etad
797 3978 868 4031 hesit
886 3981 922 4054 ⁰s
932 3979 1016 4051 piety.
1064 3977 1103 4032 So
1125 3976 1270 4038 Aremtlo
1288 3983 1346 4039 aud

226 4067 320 4122 Plato.

285 4151 390 4207 xuvt
427 4157 442 4206 1
479 4150 647 4204 Whereforo
671 4149 740 4221 they
765 4167 814 4205 are
841 4156 892 4206 not
920 4149 1071 4206 hiemeless
1098 4149 1170 4215 who,
1199 4152 1346 4229 although

225 4239 296 4313 they
309 4256 358 4294 arc
373 4245 422 4293 too
433 4237 494 4291 dull
514 4236 606 4291 either
625 4244 655 4290 to
677 4236 804 4291 discover
816 4254 848 4291 or
861 4244 890 4291 to
906 4236 1080 4293 understand
1101 4236 1150 4292 tho
1164 4239 1240 4295 solid
1259 4259 1347 4316 argn-

224 4332 318 4382 ments
342 4326 388 4381 for
402 4325 483 4380 these
498 4323 592 4396 points
613 4323 646 4378 ol
665 4323 760 4388 heliel,
775 4325 862 4393 reject
879 4324 978 4390 them,
999 4323 1076 4378 since
1094 4322 1176 4379 there
1192 4327 1280 4393 exist,
1300 4331 1348 4385 for

225 4411 314 4479 them
337 4412 436 4487 guidae
461 4419 491 4468 to
511 4409 561 4467 the
587 4409 664 4484 right
684 4427 753 4484 way,
777 4411 834 4466 and
857 4410 907 4468 the
927 4410 1057 4484 opposite
1081 4410 1200 4483 opinion
1224 4412 1283 4472 has
1307 4432 1347 4471 uo
