<?xml version="1.0" encoding="UTF-8"?>
<!DOCTYPE html PUBLIC "-//W3C//DTD XHTML 1.0 Transitional//EN"
    "http://www.w3.org/TR/xhtml1/DTD/xhtml1-transitional.dtd">
<html xmlns="http://www.w3.org/1999/xhtml" xml:lang="en" lang="en">
 <head>
  <title>
</title>
<meta http-equiv="Content-Type" content="text/html;charset=utf-8" />
  <meta name='ocr-system' content='tesseract 3.04.00' />
  <meta name='ocr-capabilities' content='ocr_page ocr_carea ocr_par ocr_line ocrx_word'/>
</head>
<body>
  <div class='ocr_page' id='page_1' title='image "./hugonisgrotiide01barbgoog_0139.png"; bbox 0 0 2828 4920; ppageno 0'>
   <div class='ocr_carea' id='block_1_1' title="bbox 102 253 1225 326">
    <p class='ocr_par' dir='ltr' id='par_1_1' title="bbox 102 253 1225 326">
     <span class='ocr_line' id='line_1_1' title="bbox 102 253 1225 326; baseline 0.012 -17"><span class='ocrx_word' id='word_1_1' title='bbox 102 253 258 326; x_wconf 50' lang='lat' dir='ltr'><strong>cmxii]</strong></span> <span class='ocrx_word' id='word_1_2' title='bbox 344 259 398 315; x_wconf 84' lang='lat' dir='ltr'><strong>DE</strong></span> <span class='ocrx_word' id='word_1_3' title='bbox 420 260 641 318; x_wconf 82' lang='lat' dir='ltr'>FEDERIBUS</span> <span class='ocrx_word' id='word_1_4' title='bbox 664 262 714 318; x_wconf 77' lang='lat' dir='ltr'><strong>AO</strong></span> <span class='ocrx_word' id='word_1_5' title='bbox 738 262 1033 321; x_wconf 80' lang='lat' dir='ltr'>SPONSIONIBUS.</span> <span class='ocrx_word' id='word_1_6' title='bbox 1146 254 1225 323; x_wconf 58' lang='lat'><strong>1292</strong></span> 
     </span>
    </p>
   </div>
   <div class='ocr_carea' id='block_1_2' title="bbox 84 426 1367 3025">
    <p class='ocr_par' dir='ltr' id='par_1_2' title="bbox 103 426 1211 1317">
     <span class='ocr_line' id='line_1_2' title="bbox 107 426 1211 516; baseline 0.011 -31"><span class='ocrx_word' id='word_1_7' title='bbox 107 426 271 514; x_wconf 86' lang='lat' dir='ltr'><strong>exemplum</strong></span> <span class='ocrx_word' id='word_1_8' title='bbox 296 436 363 492; x_wconf 84' lang='lat' dir='ltr'><strong>est:</strong></span> <span class='ocrx_word' id='word_1_9' title='bbox 389 429 514 513; x_wconf 81' lang='lat' dir='ltr'><strong>quoties</strong></span> <span class='ocrx_word' id='word_1_10' title='bbox 536 429 623 494; x_wconf 79' lang='lat' dir='ltr'><strong>iuter</strong></span> <span class='ocrx_word' id='word_1_11' title='bbox 647 451 680 495; x_wconf 87' lang='lat' dir='ltr'><strong>se</strong></span> <span class='ocrx_word' id='word_1_12' title='bbox 704 431 800 495; x_wconf 78' lang='lat' dir='ltr'><strong>circeos</strong></span> <span class='ocrx_word' id='word_1_13' title='bbox 824 430 901 495; x_wconf 85' lang='lat' dir='ltr'><strong>belli</strong></span> <span class='ocrx_word' id='word_1_14' title='bbox 923 430 1075 516; x_wconf 76' lang='lat' dir='ltr'><strong>quereiam</strong></span> <span class='ocrx_word' id='word_1_15' title='bbox 1096 431 1211 514; x_wconf 83' lang='lat' dir='ltr'><strong>pacie-</strong></span> 
     </span>
     <span class='ocr_line' id='line_1_3' title="bbox 106 526 1210 618; baseline 0.008 -32"><span class='ocrx_word' id='word_1_16' title='bbox 106 538 235 602; x_wconf 66' lang='lat' dir='ltr'><strong>cuntur</strong></span> <span class='ocrx_word' id='word_1_17' title='bbox 257 526 341 613; x_wconf 92' lang='lat' dir='ltr'><strong>quod</strong></span> <span class='ocrx_word' id='word_1_18' title='bbox 358 527 536 594; x_wconf 89' lang='lat' dir='ltr'><strong>seeundum.</strong></span> <span class='ocrx_word' id='word_1_19' title='bbox 589 529 733 594; x_wconf 77' lang='lat' dir='ltr'><strong>Publicae</strong></span> <span class='ocrx_word' id='word_1_20' title='bbox 756 551 833 618; x_wconf 84' lang='lat' dir='ltr'><strong>crgo</strong></span> <span class='ocrx_word' id='word_1_21' title='bbox 851 528 1070 594; x_wconf 78' lang='lat' dir='ltr'><strong>conventiones</strong></span> <span class='ocrx_word' id='word_1_22' title='bbox 1085 550 1140 595; x_wconf 80' lang='lat' dir='ltr'><strong>eas</strong></span> <span class='ocrx_word' id='word_1_23' title='bbox 1162 528 1210 595; x_wconf 90' lang='lat' dir='ltr'><strong>in·</strong></span> 
     </span>
     <span class='ocr_line' id='line_1_4' title="bbox 106 623 1210 717; baseline 0.01 -32"><span class='ocrx_word' id='word_1_24' title='bbox 106 623 219 714; x_wconf 80' lang='lat' dir='ltr'>telligit,</span> <span class='ocrx_word' id='word_1_25' title='bbox 242 647 312 712; x_wconf 72' lang='lat' dir='ltr'><strong>quse</strong></span> <span class='ocrx_word' id='word_1_26' title='bbox 329 626 388 690; x_wconf 87' lang='lat' dir='ltr'><strong>nisi</strong></span> <span class='ocrx_word' id='word_1_27' title='bbox 401 623 476 712; x_wconf 87' lang='lat' dir='ltr'><strong>jure</strong></span> <span class='ocrx_word' id='word_1_28' title='bbox 493 626 618 714; x_wconf 91' lang='lat' dir='ltr'><strong>imperii</strong></span> <span class='ocrx_word' id='word_1_29' title='bbox 635 629 761 717; x_wconf 84' lang='lat' dir='ltr'><strong>majoris</strong></span> <span class='ocrx_word' id='word_1_30' title='bbox 784 638 840 694; x_wconf 88' lang='lat' dir='ltr'><strong>aut</strong></span> <span class='ocrx_word' id='word_1_31' title='bbox 857 628 986 694; x_wconf 91' lang='lat' dir='ltr'><strong>minoris</strong></span> <span class='ocrx_word' id='word_1_32' title='bbox 1002 628 1071 694; x_wconf 86' lang='lat' dir='ltr'><strong>fieri</strong></span> <span class='ocrx_word' id='word_1_33' title='bbox 1093 650 1210 716; x_wconf 89' lang='lat' dir='ltr'><strong>neque·</strong></span> 
     </span>
     <span class='ocr_line' id='line_1_5' title="bbox 106 726 1207 817; baseline 0.009 -32"><span class='ocrx_word' id='word_1_34' title='bbox 106 733 175 800; x_wconf 91' lang='lat' dir='ltr'><strong>unt,</strong></span> <span class='ocrx_word' id='word_1_35' title='bbox 187 747 240 813; x_wconf 92' lang='lat' dir='ltr'><strong>qua</strong></span> <span class='ocrx_word' id='word_1_36' title='bbox 255 734 330 792; x_wconf 90' lang='lat' dir='ltr'><strong>nota</strong></span> <span class='ocrx_word' id='word_1_37' title='bbox 348 726 499 794; x_wconf 86' lang='lat' dir='ltr'><strong>differunt</strong></span> <span class='ocrx_word' id='word_1_38' title='bbox 515 750 578 793; x_wconf 91' lang='lat' dir='ltr'><strong>non</strong></span> <span class='ocrx_word' id='word_1_39' title='bbox 594 737 716 794; x_wconf 82' lang='lat' dir='ltr'><strong>tentum</strong></span> <span class='ocrx_word' id='word_1_40' title='bbox 733 752 753 796; x_wconf 86' lang='lat' dir='ltr'><strong>a</strong></span> <span class='ocrx_word' id='word_1_41' title='bbox 774 728 985 795; x_wconf 86' lang='lat' dir='ltr'><strong>contractibus</strong></span> <span class='ocrx_word' id='word_1_42' title='bbox 1000 727 1207 817; x_wconf 91' lang='lat' dir='ltr'><strong>privatorum,</strong></span> 
     </span>
     <span class='ocr_line' id='line_1_6' title="bbox 104 822 1208 919; baseline 0.007 -31"><span class='ocrx_word' id='word_1_43' title='bbox 104 823 163 888; x_wconf 84' lang='lat' dir='ltr'><strong>sed</strong></span> <span class='ocrx_word' id='word_1_44' title='bbox 177 834 203 891; x_wconf 88' lang='lat' dir='ltr'><strong>et</strong></span> <span class='ocrx_word' id='word_1_45' title='bbox 216 847 235 891; x_wconf 90' lang='lat' dir='ltr'><strong>a</strong></span> <span class='ocrx_word' id='word_1_46' title='bbox 248 826 459 904; x_wconf 83' lang='lat' dir='ltr'><strong>contractibus</strong></span> <span class='ocrx_word' id='word_1_47' title='bbox 480 850 591 917; x_wconf 84' lang='lat' dir='ltr'><strong>regum</strong></span> <span class='ocrx_word' id='word_1_48' title='bbox 610 829 691 895; x_wconf 87' lang='lat' dir='ltr'><strong>circa</strong></span> <span class='ocrx_word' id='word_1_49' title='bbox 708 822 836 919; x_wconf 81' lang='lat' dir='ltr'><strong>negotia</strong></span> <span class='ocrx_word' id='word_1_50' title='bbox 850 828 985 916; x_wconf 86' lang='lat' dir='ltr'><strong>privata.</strong></span> <span class='ocrx_word' id='word_1_51' title='bbox 1020 829 1208 916; x_wconf 77' lang='lat' dir='ltr'><strong>Quanquam</strong></span> 
     </span>
     <span class='ocr_line' id='line_1_7' title="bbox 104 925 1207 1016; baseline 0.011 -32"><span class='ocrx_word' id='word_1_52' title='bbox 104 941 147 986; x_wconf 89' lang='lat' dir='ltr'><strong>ex</strong></span> <span class='ocrx_word' id='word_1_53' title='bbox 165 925 280 1012; x_wconf 88' lang='lat' dir='ltr'><strong>privatis</strong></span> <span class='ocrx_word' id='word_1_54' title='bbox 298 949 423 1016; x_wconf 92' lang='lat' dir='ltr'><strong>quoquo</strong></span> <span class='ocrx_word' id='word_1_55' title='bbox 438 929 506 996; x_wconf 91' lang='lat' dir='ltr'><strong>istis</strong></span> <span class='ocrx_word' id='word_1_56' title='bbox 528 927 601 994; x_wconf 91' lang='lat' dir='ltr'><strong>belli</strong></span> <span class='ocrx_word' id='word_1_57' title='bbox 618 951 711 995; x_wconf 84' lang='lat' dir='ltr'><strong>cause</strong></span> <span class='ocrx_word' id='word_1_58' title='bbox 727 931 811 995; x_wconf 86' lang='lat' dir='ltr'><strong>nasci</strong></span> <span class='ocrx_word' id='word_1_59' title='bbox 829 929 918 1006; x_wconf 90' lang='lat' dir='ltr'><strong>solet,</strong></span> <span class='ocrx_word' id='word_1_60' title='bbox 945 927 1141 1016; x_wconf 81' lang='lat' dir='ltr'><strong>frequentius</strong></span> <span class='ocrx_word' id='word_1_61' title='bbox 1158 938 1207 996; x_wconf 88' lang='lat' dir='ltr'><strong>ta·</strong></span> 
     </span>
     <span class='ocr_line' id='line_1_8' title="bbox 103 1027 1207 1120; baseline 0.011 -36"><span class='ocrx_word' id='word_1_62' title='bbox 103 1041 177 1090; x_wconf 86' lang='lat' dir='ltr'><strong>meu</strong></span> <span class='ocrx_word' id='word_1_63' title='bbox 188 1047 222 1092; x_wconf 85' lang='lat' dir='ltr'><strong>ex</strong></span> <span class='ocrx_word' id='word_1_64' title='bbox 237 1028 379 1115; x_wconf 83' lang='lat' dir='ltr'>publicis.</span> <span class='ocrx_word' id='word_1_65' title='bbox 416 1029 493 1096; x_wconf 91' lang='lat' dir='ltr'><strong>Ideo</strong></span> <span class='ocrx_word' id='word_1_66' title='bbox 512 1039 676 1117; x_wconf 87' lang='lat' dir='ltr'><strong>postquam</strong></span> <span class='ocrx_word' id='word_1_67' title='bbox 691 1031 731 1096; x_wconf 90' lang='lat' dir='ltr'><strong>de</strong></span> <span class='ocrx_word' id='word_1_68' title='bbox 748 1029 1002 1096; x_wconf 80' lang='lat' dir='ltr'><strong>conventionibus</strong></span> <span class='ocrx_word' id='word_1_69' title='bbox 1015 1027 1207 1120; x_wconf 87' lang='lat' dir='ltr'><strong>generaliter</strong></span> 
     </span>
     <span class='ocr_line' id='line_1_9' title="bbox 103 1125 1206 1218; baseline 0.007 -29"><span class='ocrx_word' id='word_1_70' title='bbox 103 1139 125 1183; x_wconf 75' lang='lat' dir='ltr'><strong>a</strong></span> <span class='ocrx_word' id='word_1_71' title='bbox 142 1125 218 1192; x_wconf 89' lang='lat' dir='ltr'><strong>nobis</strong></span> <span class='ocrx_word' id='word_1_72' title='bbox 233 1136 371 1195; x_wconf 85' lang='lat' dir='ltr'><strong>tractata</strong></span> <span class='ocrx_word' id='word_1_73' title='bbox 393 1139 467 1196; x_wconf 91' lang='lat' dir='ltr'><strong>sunt</strong></span> <span class='ocrx_word' id='word_1_74' title='bbox 484 1129 560 1195; x_wconf 88' lang='lat' dir='ltr'><strong>satis</strong></span> <span class='ocrx_word' id='word_1_75' title='bbox 577 1128 685 1207; x_wconf 87' lang='lat' dir='ltr'><strong>multa,</strong></span> <span class='ocrx_word' id='word_1_76' title='bbox 712 1131 857 1217; x_wconf 76' lang='lat' dir='ltr'><strong>quaedam</strong></span> <span class='ocrx_word' id='word_1_77' title='bbox 874 1130 1021 1196; x_wconf 85' lang='lat' dir='ltr'><strong>addenda</strong></span> <span class='ocrx_word' id='word_1_78' title='bbox 1037 1138 1111 1197; x_wconf 86' lang='lat' dir='ltr'><strong>eunt</strong></span> <span class='ocrx_word' id='word_1_79' title='bbox 1134 1151 1206 1218; x_wconf 82' lang='lat' dir='ltr'><strong>quae</strong></span> 
     </span>
     <span class='ocr_line' id='line_1_10' title="bbox 104 1220 1171 1317; baseline 0.003 -24"><span class='ocrx_word' id='word_1_80' title='bbox 104 1221 149 1287; x_wconf 63' lang='lat' dir='ltr'><strong>ad</strong></span> <span class='ocrx_word' id='word_1_81' title='bbox 164 1228 401 1295; x_wconf 80' lang='lat' dir='ltr'><strong>excellentiorem</strong></span> <span class='ocrx_word' id='word_1_82' title='bbox 418 1231 499 1296; x_wconf 88' lang='lat' dir='ltr'><strong>hanc</strong></span> <span class='ocrx_word' id='word_1_83' title='bbox 516 1228 650 1316; x_wconf 84' lang='lat' dir='ltr'><strong>speciem</strong></span> <span class='ocrx_word' id='word_1_84' title='bbox 667 1229 856 1317; x_wconf 88' lang='lat' dir='ltr'><strong>pertincant.</strong></span> <span class='ocrx_word' id='word_1_85' title='bbox 1027 1220 1171 1304; x_wconf 57' lang='lat' dir='ltr'><strong>‚didm</strong></span> 
     </span>
    </p>

    <p class='ocr_par' dir='ltr' id='par_1_3' title="bbox 108 1325 1206 1518">
     <span class='ocr_line' id='line_1_11' title="bbox 175 1325 1206 1417; baseline 0.005 -23"><span class='ocrx_word' id='word_1_86' title='bbox 175 1327 211 1396; x_wconf 85' lang='lat' dir='ltr'><strong>ll</strong></span> <span class='ocrx_word' id='word_1_87' title='bbox 257 1330 403 1396; x_wconf 84' lang='lat' dir='ltr'><strong>Publicus</strong></span> <span class='ocrx_word' id='word_1_88' title='bbox 418 1331 476 1396; x_wconf 86' lang='lat' dir='ltr'><strong>has</strong></span> <span class='ocrx_word' id='word_1_89' title='bbox 499 1328 728 1409; x_wconf 82' lang='lat' dir='ltr'><strong>conventiones,</strong></span> <span class='ocrx_word' id='word_1_90' title='bbox 753 1353 831 1417; x_wconf 89' lang='lat' dir='ltr'><strong>quas</strong></span> <span class='ocrx_word' id='word_1_91' title='bbox 848 1329 952 1398; x_wconf 80' lang='lat' dir='ltr'><strong>Graeci</strong></span> <span class='ocrx_word' id='word_1_92' title='bbox 969 1325 1130 1414; x_wconf 71' lang='grc' dir='ltr'>συνθήκας</span> <span class='ocrx_word' id='word_1_93' title='bbox 1150 1352 1206 1399; x_wconf 81' lang='lat' dir='ltr'><strong>vo·</strong></span> 
     </span>
     <span class='ocr_line' id='line_1_12' title="bbox 108 1428 1186 1518; baseline 0.007 -28"><span class='ocrx_word' id='word_1_94' title='bbox 108 1435 179 1503; x_wconf 81' lang='lat' dir='ltr'><strong>eant</strong></span> <span class='ocrx_word' id='word_1_95' title='bbox 193 1429 331 1496; x_wconf 88' lang='lat' dir='ltr'><strong>dividere</strong></span> <span class='ocrx_word' id='word_1_96' title='bbox 347 1452 510 1517; x_wconf 86' lang='lat' dir='ltr'><strong>possumus</strong></span> <span class='ocrx_word' id='word_1_97' title='bbox 527 1428 560 1495; x_wconf 92' lang='lat' dir='ltr'><strong>in</strong></span> <span class='ocrx_word' id='word_1_98' title='bbox 577 1429 695 1507; x_wconf 81' lang='lat' dir='ltr'><strong>federa,</strong></span> <span class='ocrx_word' id='word_1_99' title='bbox 713 1431 903 1518; x_wconf 87' lang='lat' dir='ltr'><strong>sponsiones,</strong></span> <span class='ocrx_word' id='word_1_100' title='bbox 921 1431 1082 1518; x_wconf 84' lang='lat' dir='ltr'><strong>pactiones</strong></span> <span class='ocrx_word' id='word_1_101' title='bbox 1099 1430 1186 1498; x_wconf 85' lang='lat' dir='ltr'><strong>alias.</strong></span> 
     </span>
    </p>

    <p class='ocr_par' dir='ltr' id='par_1_4' title="bbox 84 1527 1367 3025">
     <span class='ocr_line' id='line_1_13' title="bbox 168 1527 1205 1621; baseline 0.006 -28"><span class='ocrx_word' id='word_1_102' title='bbox 168 1527 225 1596; x_wconf 90' lang='lat' dir='ltr'><strong>lll.</strong></span> <span class='ocrx_word' id='word_1_103' title='bbox 263 1533 282 1594; x_wconf 94' lang='lat'>1</span> <span class='ocrx_word' id='word_1_104' title='bbox 315 1532 366 1596; x_wconf 92' lang='lat' dir='ltr'><strong>De</strong></span> <span class='ocrx_word' id='word_1_105' title='bbox 382 1531 525 1597; x_wconf 90' lang='lat' dir='ltr'><strong>federum</strong></span> <span class='ocrx_word' id='word_1_106' title='bbox 543 1539 576 1596; x_wconf 91' lang='lat' dir='ltr'><strong>et</strong></span> <span class='ocrx_word' id='word_1_107' title='bbox 592 1530 792 1618; x_wconf 83' lang='lat' dir='ltr'><strong>sponsionum</strong></span> <span class='ocrx_word' id='word_1_108' title='bbox 806 1531 984 1597; x_wconf 88' lang='lat' dir='ltr'><strong>discrimine</strong></span> <span class='ocrx_word' id='word_1_109' title='bbox 1001 1530 1083 1597; x_wconf 88' lang='lat' dir='ltr'><strong>adiri</strong></span> <span class='ocrx_word' id='word_1_110' title='bbox 1100 1539 1205 1621; x_wconf 90' lang='lat' dir='ltr'><strong>potest</strong></span> 
     </span>
     <span class='ocr_line' id='line_1_14' title="bbox 110 1619 1293 1719; baseline 0.007 -27"><span class='ocrx_word' id='word_1_111' title='bbox 110 1619 198 1696; x_wconf 79' lang='lat' dir='ltr'><strong>Livius</strong></span> <span class='ocrx_word' id='word_1_112' title='bbox 212 1631 293 1698; x_wconf 91' lang='lat' dir='ltr'><strong>libro</strong></span> <span class='ocrx_word' id='word_1_113' title='bbox 310 1653 360 1698; x_wconf 85' lang='lat' dir='ltr'><strong>rx.</strong></span> <span class='ocrx_word' id='word_1_114' title='bbox 372 1632 427 1698; x_wconf 91' lang='lat' dir='ltr'><strong>ubi</strong></span> <span class='ocrx_word' id='word_1_115' title='bbox 444 1641 530 1698; x_wconf 88' lang='lat' dir='ltr'><strong>reete</strong></span> <span class='ocrx_word' id='word_1_116' title='bbox 546 1653 603 1697; x_wconf 86' lang='lat' dir='ltr'><strong>nos</strong></span> <span class='ocrx_word' id='word_1_117' title='bbox 621 1631 712 1697; x_wconf 92' lang='lat' dir='ltr'><strong>docet</strong></span> <span class='ocrx_word' id='word_1_118' title='bbox 727 1630 836 1698; x_wconf 87' lang='lat' dir='ltr'><strong>federa</strong></span> <span class='ocrx_word' id='word_1_119' title='bbox 850 1654 918 1697; x_wconf 89' lang='lat' dir='ltr'><strong>esse</strong></span> <span class='ocrx_word' id='word_1_120' title='bbox 934 1653 1006 1719; x_wconf 85' lang='lat' dir='ltr'><strong>queo</strong></span> <span class='ocrx_word' id='word_1_121' title='bbox 1022 1631 1102 1698; x_wconf 85' lang='lat' dir='ltr'><strong>fiunt</strong></span> <span class='ocrx_word' id='word_1_122' title='bbox 1112 1630 1203 1719; x_wconf 87' lang='lat' dir='ltr'><strong>jussu</strong></span> <span class='ocrx_word' id='word_1_123' title='bbox 1216 1647 1293 1700; x_wconf 58' lang='lat' dir='ltr'><strong>un&amp;</strong></span> 
     </span>
     <span class='ocr_line' id='line_1_15' title="bbox 109 1730 1367 1822; baseline 0.006 -30"><span class='ocrx_word' id='word_1_124' title='bbox 109 1741 216 1798; x_wconf 75' lang='lat' dir='ltr'><strong>tunmae</strong></span> <span class='ocrx_word' id='word_1_125' title='bbox 241 1732 416 1822; x_wconf 84' lang='lat' dir='ltr'><strong>potestatis,</strong></span> <span class='ocrx_word' id='word_1_126' title='bbox 441 1741 474 1799; x_wconf 90' lang='lat' dir='ltr'><strong>et</strong></span> <span class='ocrx_word' id='word_1_127' title='bbox 496 1732 529 1798; x_wconf 90' lang='lat' dir='ltr'><strong>in</strong></span> <span class='ocrx_word' id='word_1_128' title='bbox 550 1731 663 1820; x_wconf 91' lang='lat' dir='ltr'><strong>quibus</strong></span> <span class='ocrx_word' id='word_1_129' title='bbox 685 1730 752 1819; x_wconf 89' lang='lat' dir='ltr'><strong>ipse</strong></span> <span class='ocrx_word' id='word_1_130' title='bbox 778 1731 911 1820; x_wconf 86' lang='lat' dir='ltr'><strong>populus</strong></span> <span class='ocrx_word' id='word_1_131' title='bbox 934 1731 991 1797; x_wconf 83' lang='lat' dir='ltr'><strong>irre</strong></span> <span class='ocrx_word' id='word_1_132' title='bbox 1011 1731 1126 1798; x_wconf 78' lang='lat' dir='ltr'><strong>divinae</strong></span> <span class='ocrx_word' id='word_1_133' title='bbox 1148 1732 1203 1799; x_wconf 80' lang='lat' dir='ltr'><strong>ob</strong></span> <span class='ocrx_word' id='word_1_134' title='bbox 1308 1755 1311 1762; x_wconf 92' lang='lat'>·</span> <span class='ocrx_word' id='word_1_135' title='bbox 1362 1731 1367 1740; x_wconf 82' lang='lat'>&#39;</span> 
     </span>
     <span class='ocr_line' id='line_1_16' title="bbox 108 1825 1203 1923; baseline 0.004 -28"><span class='ocrx_word' id='word_1_136' title='bbox 108 1825 253 1921; x_wconf 69' lang='lat' dir='ltr'><strong>anigitur</strong></span> <span class='ocrx_word' id='word_1_137' title='bbox 279 1833 306 1899; x_wconf 86' lang='lat' dir='ltr'><strong>si</strong></span> <span class='ocrx_word' id='word_1_138' title='bbox 331 1832 434 1899; x_wconf 89' lang='lat' dir='ltr'><strong>minus</strong></span> <span class='ocrx_word' id='word_1_139' title='bbox 453 1842 556 1900; x_wconf 87' lang='lat' dir='ltr'><strong>stetur</strong></span> <span class='ocrx_word' id='word_1_140' title='bbox 581 1831 681 1898; x_wconf 87' lang='lat' dir='ltr'><strong>dietis.</strong></span> <span class='ocrx_word' id='word_1_141' title='bbox 726 1834 776 1898; x_wconf 85' lang='lat' dir='ltr'><strong>Ea</strong></span> <span class='ocrx_word' id='word_1_142' title='bbox 801 1832 886 1919; x_wconf 89' lang='lat' dir='ltr'><strong>apud</strong></span> <span class='ocrx_word' id='word_1_143' title='bbox 908 1834 1067 1899; x_wconf 89' lang='lat' dir='ltr'><strong>Romanos</strong></span> <span class='ocrx_word' id='word_1_144' title='bbox 1089 1832 1203 1923; x_wconf 82' lang='lat' dir='ltr'><strong>peragi</strong></span> 
     </span>
     <span class='ocr_line' id='line_1_17' title="bbox 104 1931 1201 2021; baseline -0.005 -17"><span class='ocrx_word' id='word_1_145' title='bbox 104 1933 287 2004; x_wconf 68' lang='lat' dir='ltr'><strong>persecutas</strong></span> <span class='ocrx_word' id='word_1_146' title='bbox 304 1933 446 2001; x_wconf 85' lang='lat' dir='ltr'><strong>solebant</strong></span> <span class='ocrx_word' id='word_1_147' title='bbox 462 1934 569 2000; x_wconf 90' lang='lat' dir='ltr'><strong>addito</strong></span> <span class='ocrx_word' id='word_1_148' title='bbox 587 1943 680 2021; x_wconf 89' lang='lat' dir='ltr'><strong>patre</strong></span> <span class='ocrx_word' id='word_1_149' title='bbox 696 1941 833 2021; x_wconf 87' lang='lat' dir='ltr'><strong>patrato.</strong></span> <span class='ocrx_word' id='word_1_150' title='bbox 870 1931 1002 2020; x_wconf 86' lang='lat' dir='ltr'><strong>Sponsio</strong></span> <span class='ocrx_word' id='word_1_151' title='bbox 1019 1941 1125 1999; x_wconf 89' lang='lat' dir='ltr'><strong>autem</strong></span> <span class='ocrx_word' id='word_1_152' title='bbox 1142 1943 1201 2011; x_wconf 89' lang='lat' dir='ltr'><strong>est,</strong></span> 
     </span>
     <span class='ocr_line' id='line_1_18' title="bbox 103 2021 1202 2122; baseline 0.015 -38"><span class='ocrx_word' id='word_1_153' title='bbox 103 2021 142 2090; x_wconf 91' lang='lat' dir='ltr'><strong>ubi</strong></span> <span class='ocrx_word' id='word_1_154' title='bbox 164 2032 195 2099; x_wconf 91' lang='lat' dir='ltr'><strong>hi</strong></span> <span class='ocrx_word' id='word_1_155' title='bbox 212 2035 265 2122; x_wconf 91' lang='lat' dir='ltr'><strong>qui</strong></span> <span class='ocrx_word' id='word_1_156' title='bbox 287 2057 308 2100; x_wconf 91' lang='lat' dir='ltr'><strong>a</strong></span> <span class='ocrx_word' id='word_1_157' title='bbox 323 2043 481 2122; x_wconf 88' lang='lat' dir='ltr'><strong>potestate</strong></span> <span class='ocrx_word' id='word_1_158' title='bbox 501 2056 622 2100; x_wconf 87' lang='lat' dir='ltr'><strong>summa</strong></span> <span class='ocrx_word' id='word_1_159' title='bbox 642 2033 823 2099; x_wconf 87' lang='lat' dir='ltr'><strong>mandatum</strong></span> <span class='ocrx_word' id='word_1_160' title='bbox 846 2032 914 2119; x_wconf 89' lang='lat' dir='ltr'><strong>ejus</strong></span> <span class='ocrx_word' id='word_1_161' title='bbox 934 2031 981 2098; x_wconf 91' lang='lat' dir='ltr'><strong>rei</strong></span> <span class='ocrx_word' id='word_1_162' title='bbox 999 2054 1062 2098; x_wconf 90' lang='lat' dir='ltr'><strong>non</strong></span> <span class='ocrx_word' id='word_1_163' title='bbox 1082 2032 1202 2100; x_wconf 90' lang='lat' dir='ltr'><strong>habent</strong></span> 
     </span>
     <span class='ocr_line' id='line_1_19' title="bbox 98 2122 1315 2224; baseline 0.012 -40"><span class='ocrx_word' id='word_1_164' title='bbox 98 2122 202 2217; x_wconf 87' lang='lat' dir='ltr'><strong>aliquid</strong></span> <span class='ocrx_word' id='word_1_165' title='bbox 218 2136 417 2224; x_wconf 89' lang='lat' dir='ltr'><strong>promittunt,</strong></span> <span class='ocrx_word' id='word_1_166' title='bbox 441 2135 526 2222; x_wconf 90' lang='lat' dir='ltr'><strong>quod</strong></span> <span class='ocrx_word' id='word_1_167' title='bbox 548 2135 633 2200; x_wconf 88' lang='lat' dir='ltr'><strong>illam</strong></span> <span class='ocrx_word' id='word_1_168' title='bbox 653 2133 780 2222; x_wconf 90' lang='lat' dir='ltr'><strong>proprie</strong></span> <span class='ocrx_word' id='word_1_169' title='bbox 802 2133 915 2222; x_wconf 87' lang='lat' dir='ltr'><strong>tangit.</strong></span> <span class='ocrx_word' id='word_1_170' title='bbox 962 2133 1057 2221; x_wconf 86' lang='lat' dir='ltr'><strong>Apud</strong></span> <span class='ocrx_word' id='word_1_171' title='bbox 1082 2132 1202 2200; x_wconf 82' lang='lat' dir='ltr'><strong>Sallus·</strong></span> <span class='ocrx_word' id='word_1_172' title='bbox 1312 2141 1315 2148; x_wconf 80' lang='grc'><strong>’</strong></span> 
     </span>
     <span class='ocr_line' id='line_1_20' title="bbox 97 2223 1350 2342; baseline 0.013 -56"><span class='ocrx_word' id='word_1_173' title='bbox 97 2223 167 2299; x_wconf 87' lang='lat' dir='ltr'><strong>tium</strong></span> <span class='ocrx_word' id='word_1_174' title='bbox 192 2235 344 2326; x_wconf 87' lang='lat' dir='ltr'><strong>legimus:</strong></span> <span class='ocrx_word' id='word_1_175' title='bbox 379 2237 524 2303; x_wconf 80' lang='lat' dir='ltr'><strong>Senatus</strong></span> <span class='ocrx_word' id='word_1_176' title='bbox 551 2238 604 2301; x_wconf 91' lang='lat' dir='ltr'><strong>uti</strong></span> <span class='ocrx_word' id='word_1_177' title='bbox 635 2258 703 2320; x_wconf 86' lang='lat' dir='ltr'><strong>par</strong></span> <span class='ocrx_word' id='word_1_178' title='bbox 728 2246 801 2300; x_wconf 86' lang='lat' dir='ltr'><strong>erat</strong></span> <span class='ocrx_word' id='word_1_179' title='bbox 835 2235 986 2310; x_wconf 83' lang='lat' dir='ltr'><strong>decreuit,</strong></span> <span class='ocrx_word' id='word_1_180' title='bbox 1015 2256 1074 2300; x_wconf 89' lang='lat' dir='ltr'><strong>suo</strong></span> <span class='ocrx_word' id='word_1_181' title='bbox 1101 2245 1200 2322; x_wconf 84' lang='lat' dir='ltr'><strong>atque</strong></span> <span class='ocrx_word' id='word_1_182' title='bbox 1210 2245 1350 2342; x_wconf 44' lang='lat' dir='ltr'><strong>geg-,fga</strong></span> 
     </span>
     <span class='ocr_line' id='line_1_21' title="bbox 92 2333 1200 2424; baseline 0.001 -24"><span class='ocrx_word' id='word_1_183' title='bbox 92 2339 200 2414; x_wconf 72' lang='lat' dir='ltr'><strong>Populi</strong></span> <span class='ocrx_word' id='word_1_184' title='bbox 232 2338 361 2422; x_wconf 81' lang='lat' dir='ltr'><strong>irp&#39;ussu</strong></span> <span class='ocrx_word' id='word_1_185' title='bbox 390 2339 518 2402; x_wconf 76' lang='lat' dir='ltr'><strong>utillum</strong></span> <span class='ocrx_word' id='word_1_186' title='bbox 545 2338 693 2424; x_wconf 85' lang='lat' dir='ltr'><strong>potuisse</strong></span> <span class='ocrx_word' id='word_1_187' title='bbox 717 2337 822 2420; x_wconf 80' lang='lat' dir='ltr'><strong>sedus</strong></span> <span class='ocrx_word' id='word_1_188' title='bbox 843 2335 929 2418; x_wconf 87' lang='lat' dir='ltr'><strong>fieri.</strong></span> <span class='ocrx_word' id='word_1_189' title='bbox 983 2333 1200 2422; x_wconf 83' lang='lat' dir='ltr'><strong>Hieronymus</strong></span> 
     </span>
     <span class='ocr_line' id='line_1_22' title="bbox 96 2425 1354 2523; baseline -0.001 -21"><span class='ocrx_word' id='word_1_190' title='bbox 96 2425 315 2523; x_wconf 74' lang='lat' dir='ltr'><strong>Syracusarum</strong></span> <span class='ocrx_word' id='word_1_191' title='bbox 338 2459 398 2502; x_wconf 85' lang='lat' dir='ltr'><strong>rex</strong></span> <span class='ocrx_word' id='word_1_192' title='bbox 417 2459 487 2501; x_wconf 90' lang='lat' dir='ltr'><strong>cum</strong></span> <span class='ocrx_word' id='word_1_193' title='bbox 510 2435 675 2511; x_wconf 80' lang='lat' dir='ltr'><strong>Annibale,</strong></span> <span class='ocrx_word' id='word_1_194' title='bbox 700 2443 735 2499; x_wconf 89' lang='lat' dir='ltr'><strong>ut</strong></span> <span class='ocrx_word' id='word_1_195' title='bbox 752 2441 862 2499; x_wconf 87' lang='lat' dir='ltr'><strong>narrat</strong></span> <span class='ocrx_word' id='word_1_196' title='bbox 879 2430 995 2510; x_wconf 87' lang='lat' dir='ltr'><strong>Livius,</strong></span> <span class='ocrx_word' id='word_1_197' title='bbox 1020 2431 1200 2501; x_wconf 86' lang='lat' dir='ltr'><strong>societatem</strong></span> <span class='ocrx_word' id='word_1_198' title='bbox 1212 2445 1354 2488; x_wconf 67' lang='lat' dir='ltr'><strong>uanum</strong></span> 
     </span>
     <span class='ocr_line' id='line_1_23' title="bbox 95 2525 1201 2625; baseline 0.002 -27"><span class='ocrx_word' id='word_1_199' title='bbox 95 2525 221 2603; x_wconf 79' lang='lat' dir='ltr'><strong>iecerat:</strong></span> <span class='ocrx_word' id='word_1_200' title='bbox 238 2546 273 2603; x_wconf 93' lang='lat' dir='ltr'><strong>at</strong></span> <span class='ocrx_word' id='word_1_201' title='bbox 287 2546 399 2624; x_wconf 87' lang='lat' dir='ltr'><strong>postea</strong></span> <span class='ocrx_word' id='word_1_202' title='bbox 416 2535 644 2625; x_wconf 81' lang='lat' dir='ltr'><strong>Carthaginem</strong></span> <span class='ocrx_word' id='word_1_203' title='bbox 659 2533 743 2600; x_wconf 84' lang='lat' dir='ltr'><strong>misit</strong></span> <span class='ocrx_word' id='word_1_204' title='bbox 759 2533 801 2600; x_wconf 87' lang='lat' dir='ltr'><strong>ed</strong></span> <span class='ocrx_word' id='word_1_205' title='bbox 823 2533 913 2600; x_wconf 81' lang='lat' dir='ltr'><strong>sedus</strong></span> <span class='ocrx_word' id='word_1_206' title='bbox 930 2556 970 2599; x_wconf 82' lang='lat' dir='ltr'><strong>ex</strong></span> <span class='ocrx_word' id='word_1_207' title='bbox 987 2533 1137 2600; x_wconf 87' lang='lat' dir='ltr'><strong>societate</strong></span> <span class='ocrx_word' id='word_1_208' title='bbox 1153 2533 1201 2601; x_wconf 84' lang='lat' dir='ltr'><strong>fa·</strong></span> 
     </span>
     <span class='ocr_line' id='line_1_24' title="bbox 96 2624 1201 2724; baseline 0.009 -32"><span class='ocrx_word' id='word_1_209' title='bbox 96 2624 235 2702; x_wconf 83' lang='lat' dir='ltr'><strong>ciendum.</strong></span> <span class='ocrx_word' id='word_1_210' title='bbox 266 2638 374 2715; x_wconf 82' lang='lat' dir='ltr'><strong>Quare</strong></span> <span class='ocrx_word' id='word_1_211' title='bbox 390 2636 494 2724; x_wconf 67' lang='lat' dir='ltr'><strong>“quod</strong></span> <span class='ocrx_word' id='word_1_212' title='bbox 511 2635 595 2723; x_wconf 87' lang='lat' dir='ltr'><strong>apud</strong></span> <span class='ocrx_word' id='word_1_213' title='bbox 614 2635 765 2701; x_wconf 89' lang='lat' dir='ltr'><strong>Senecam</strong></span> <span class='ocrx_word' id='word_1_214' title='bbox 783 2642 907 2722; x_wconf 88' lang='lat' dir='ltr'><strong>patrem</strong></span> <span class='ocrx_word' id='word_1_215' title='bbox 924 2643 992 2700; x_wconf 86' lang='lat' dir='ltr'><strong>est:</strong></span> <span class='ocrx_word' id='word_1_216' title='bbox 1012 2637 1201 2721; x_wconf 85' lang='lat' dir='ltr'><strong>Imperator</strong></span> 
     </span>
     <span class='ocr_line' id='line_1_25' title="bbox 84 2727 1201 2824; baseline 0.004 -26"><span class='ocrx_word' id='word_1_217' title='bbox 84 2727 179 2819; x_wconf 75' lang='lat' dir='ltr'><strong>falves</strong></span> <span class='ocrx_word' id='word_1_218' title='bbox 186 2740 363 2824; x_wconf 77' lang='lat' dir='ltr'><strong>percussit,</strong></span> <span class='ocrx_word' id='word_1_219' title='bbox 381 2741 513 2803; x_wconf 83' lang='lat' dir='ltr'><strong>uidetur</strong></span> <span class='ocrx_word' id='word_1_220' title='bbox 529 2736 675 2823; x_wconf 88' lang='lat' dir='ltr'><strong>populus</strong></span> <span class='ocrx_word' id='word_1_221' title='bbox 687 2737 888 2822; x_wconf 77' lang='lat' dir='ltr'><strong>percussisse</strong></span> <span class='ocrx_word' id='word_1_222' title='bbox 904 2737 1084 2811; x_wconf 82' lang='lat' dir='ltr'><strong>Roueauus,</strong></span> <span class='ocrx_word' id='word_1_223' title='bbox 1106 2737 1201 2823; x_wconf 84' lang='lat' dir='ltr'><strong>etse</strong></span> 
     </span>
     <span class='ocr_line' id='line_1_26' title="bbox 96 2829 1200 2923; baseline 0.005 -25"><span class='ocrx_word' id='word_1_224' title='bbox 96 2829 162 2902; x_wconf 83' lang='lat' dir='ltr'><strong>dere</strong></span> <span class='ocrx_word' id='word_1_225' title='bbox 176 2841 381 2904; x_wconf 81' lang='lat' dir='ltr'><strong>continetur:</strong></span> <span class='ocrx_word' id='word_1_226' title='bbox 397 2837 439 2904; x_wconf 87' lang='lat' dir='ltr'><strong>ad</strong></span> <span class='ocrx_word' id='word_1_227' title='bbox 456 2835 600 2922; x_wconf 87' lang='lat' dir='ltr'><strong>antiquos</strong></span> <span class='ocrx_word' id='word_1_228' title='bbox 616 2857 669 2900; x_wconf 87' lang='lat' dir='ltr'><strong>eos</strong></span> <span class='ocrx_word' id='word_1_229' title='bbox 687 2834 833 2920; x_wconf 87' lang='lat' dir='ltr'><strong>pertinet,</strong></span> <span class='ocrx_word' id='word_1_230' title='bbox 850 2833 904 2921; x_wconf 94' lang='lat' dir='ltr'><strong>qui</strong></span> <span class='ocrx_word' id='word_1_231' title='bbox 921 2834 1055 2923; x_wconf 84' lang='lat' dir='ltr'><strong>speciale</strong></span> <span class='ocrx_word' id='word_1_232' title='bbox 1068 2834 1135 2922; x_wconf 82' lang='lat' dir='ltr'><strong>ejus</strong></span> <span class='ocrx_word' id='word_1_233' title='bbox 1152 2835 1200 2903; x_wconf 89' lang='lat' dir='ltr'><strong>rei</strong></span> 
     </span>
     <span class='ocr_line' id='line_1_27' title="bbox 95 2927 1197 3025; baseline 0.002 -24"><span class='ocrx_word' id='word_1_234' title='bbox 95 2937 265 3004; x_wconf 82' lang='lat' dir='ltr'><strong>mandatum</strong></span> <span class='ocrx_word' id='word_1_235' title='bbox 282 2945 478 3025; x_wconf 88' lang='lat' dir='ltr'><strong>acceperant.</strong></span> <span class='ocrx_word' id='word_1_236' title='bbox 516 2937 560 3000; x_wconf 83' lang='lat' dir='ltr'><strong>At</strong></span> <span class='ocrx_word' id='word_1_237' title='bbox 576 2927 629 3000; x_wconf 80' lang='lat' dir='ltr'><strong>bin</strong></span> <span class='ocrx_word' id='word_1_238' title='bbox 645 2933 761 3023; x_wconf 87' lang='lat' dir='ltr'><strong>regnis,</strong></span> <span class='ocrx_word' id='word_1_239' title='bbox 780 2956 891 3024; x_wconf 83' lang='lat' dir='ltr'><strong>regum</strong></span> <span class='ocrx_word' id='word_1_240' title='bbox 907 2942 956 3000; x_wconf 89' lang='lat' dir='ltr'><strong>est</strong></span> <span class='ocrx_word' id='word_1_241' title='bbox 975 2933 1068 3001; x_wconf 78' lang='lat' dir='ltr'><strong>fedus</strong></span> <span class='ocrx_word' id='word_1_242' title='bbox 1084 2934 1197 3004; x_wconf 85' lang='lat' dir='ltr'><strong>facere.</strong></span> 
     </span>
    </p>
   </div>
   <div class='ocr_carea' id='block_1_3' title="bbox 93 3031 910 3126">
    <p class='ocr_par' dir='ltr' id='par_1_5' title="bbox 93 3031 910 3126">
     <span class='ocr_line' id='line_1_28' title="bbox 93 3031 910 3126; baseline 0.004 -26"><span class='ocrx_word' id='word_1_243' title='bbox 93 3031 251 3125; x_wconf 81' lang='lat' dir='ltr'><strong>Euripides</strong></span> <span class='ocrx_word' id='word_1_244' title='bbox 267 3040 487 3126; x_wconf 85' lang='lat' dir='ltr'><strong>Supplieibue</strong></span> <span class='ocrx_word' id='word_1_245' title='bbox 504 3038 600 3121; x_wconf 89' lang='lat' dir='ltr'><strong>(vers.</strong></span> <span class='ocrx_word' id='word_1_246' title='bbox 620 3037 719 3112; x_wconf 83' lang='grc'><strong>1188,</strong></span> <span class='ocrx_word' id='word_1_247' title='bbox 738 3044 771 3101; x_wconf 90' lang='lat' dir='ltr'><strong>et</strong></span> <span class='ocrx_word' id='word_1_248' title='bbox 787 3037 910 3122; x_wconf 81' lang='lat' dir='ltr'><strong>seqq.):</strong></span> 
     </span>
    </p>
   </div>
   <div class='ocr_carea' id='block_1_4' title="bbox 83 3211 1290 3503">
    <p class='ocr_par' dir='ltr' id='par_1_6' title="bbox 86 3211 1198 3276">
     <span class='ocr_line' id='line_1_29' title="bbox 86 3211 1198 3276; baseline 0.006 -20"><span class='ocrx_word' id='word_1_249' title='bbox 86 3217 245 3276; x_wconf 67' lang='lat' dir='ltr'><strong>sequentibus,</strong></span> <span class='ocrx_word' id='word_1_250' title='bbox 277 3217 375 3264; x_wconf 67' lang='lat' dir='ltr'><strong>Servius</strong></span> <span class='ocrx_word' id='word_1_251' title='bbox 384 3217 416 3263; x_wconf 73' lang='lat' dir='ltr'><strong>ad</strong></span> <span class='ocrx_word' id='word_1_252' title='bbox 426 3215 486 3262; x_wconf 88' lang='lat' dir='ltr'><strong>illud</strong></span> <span class='ocrx_word' id='word_1_253' title='bbox 498 3228 527 3263; x_wconf 78' lang='grc' dir='ltr'><strong>ιι,</strong></span> <span class='ocrx_word' id='word_1_254' title='bbox 538 3215 614 3262; x_wconf 79' lang='lat' dir='ltr'><strong>AEne.</strong></span> <span class='ocrx_word' id='word_1_255' title='bbox 666 3211 731 3272; x_wconf 81' lang='lat' dir='ltr'><strong>Quia</strong></span> <span class='ocrx_word' id='word_1_256' title='bbox 741 3213 806 3273; x_wconf 83' lang='lat' dir='ltr'><strong>quod</strong></span> <span class='ocrx_word' id='word_1_257' title='bbox 816 3227 859 3259; x_wconf 71' lang='lat' dir='ltr'><strong>rex</strong></span> <span class='ocrx_word' id='word_1_258' title='bbox 865 3213 987 3273; x_wconf 76' lang='lat' dir='ltr'><strong>promitur</strong></span> <span class='ocrx_word' id='word_1_259' title='bbox 996 3213 1090 3262; x_wconf 66' lang='lat' dir='ltr'><strong>uidetur</strong></span> <span class='ocrx_word' id='word_1_260' title='bbox 1099 3214 1198 3276; x_wconf 69' lang='lat' dir='ltr'><strong>respub·</strong></span> 
     </span>
    </p>

    <p class='ocr_par' dir='ltr' id='par_1_7' title="bbox 83 3282 1198 3354">
     <span class='ocr_line' id='line_1_30' title="bbox 83 3282 1198 3354; baseline 0.001 -23"><span class='ocrx_word' id='word_1_261' title='bbox 83 3292 308 3354; x_wconf 65' lang='lat' dir='ltr'><strong>idos(vm,161)g</strong></span> <span class='ocrx_word' id='word_1_262' title='bbox 664 3288 713 3334; x_wconf 82' lang='lat' dir='ltr'><strong>lica</strong></span> <span class='ocrx_word' id='word_1_263' title='bbox 721 3289 868 3348; x_wconf 84' lang='lat' dir='ltr'><strong>promittere.</strong></span> <span class='ocrx_word' id='word_1_264' title='bbox 900 3290 934 3336; x_wconf 87' lang='lat' dir='ltr'><strong>Et</strong></span> <span class='ocrx_word' id='word_1_265' title='bbox 948 3290 991 3336; x_wconf 89' lang='lat' dir='ltr'><strong>ubi</strong></span> <span class='ocrx_word' id='word_1_266' title='bbox 1005 3282 1099 3337; x_wconf 75' lang='lat' dir='ltr'><strong>AEneae</strong></span> <span class='ocrx_word' id='word_1_267' title='bbox 1113 3291 1198 3351; x_wconf 78' lang='lat' dir='ltr'><strong>singu.</strong></span> 
     </span>
    </p>

    <p class='ocr_par' dir='ltr' id='par_1_8' title="bbox 265 3364 1290 3503">
     <span class='ocr_line' id='line_1_31' title="bbox 265 3364 1197 3426; baseline 0.004 -18"><span class='ocrx_word' id='word_1_268' title='bbox 265 3383 268 3390; x_wconf 96' lang='lat'>·</span> <span class='ocrx_word' id='word_1_269' title='bbox 336 3386 338 3390; x_wconf 95' lang='lat'>·</span> <span class='ocrx_word' id='word_1_270' title='bbox 663 3364 708 3410; x_wconf 87' lang='lat' dir='ltr'><strong>lari</strong></span> <span class='ocrx_word' id='word_1_271' title='bbox 730 3365 862 3411; x_wconf 84' lang='lat' dir='ltr'><strong>certamine</strong></span> <span class='ocrx_word' id='word_1_272' title='bbox 879 3371 1033 3426; x_wconf 78' lang='lat' dir='ltr'><strong>pugnaturus</strong></span> <span class='ocrx_word' id='word_1_273' title='bbox 1053 3367 1197 3426; x_wconf 79' lang='lat' dir='ltr'><strong>primoum</strong></span> 
     </span>
     <span class='ocr_line' id='line_1_32' title="bbox 663 3434 1290 3503; baseline 0.008 -17"><span class='ocrx_word' id='word_1_274' title='bbox 663 3439 828 3487; x_wconf 73' lang='lat' dir='ltr'><strong>Latinor‘edus</strong></span> <span class='ocrx_word' id='word_1_275' title='bbox 836 3442 908 3500; x_wconf 60' lang='lat' dir='ltr'><strong>rectu</strong></span> <span class='ocrx_word' id='word_1_276' title='bbox 918 3441 1039 3503; x_wconf 81' lang='lat' dir='ltr'><strong>Turnum,</strong></span> <span class='ocrx_word' id='word_1_277' title='bbox 1050 3444 1093 3502; x_wconf 85' lang='lat' dir='ltr'><strong>ait,</strong></span> <span class='ocrx_word' id='word_1_278' title='bbox 1103 3457 1150 3490; x_wconf 73' lang='lat' dir='ltr'><strong>nea</strong></span> <span class='ocrx_word' id='word_1_279' title='bbox 1157 3442 1195 3490; x_wconf 74' lang='lat' dir='ltr'><strong>tn·</strong></span> <span class='ocrx_word' id='word_1_280' title='bbox 1284 3434 1290 3440; x_wconf 64' lang='grc'><em>’</em></span> 
     </span>
    </p>
   </div>
   <div class='ocr_carea' id='block_1_5' title="bbox 70 3657 1194 4428">
    <p class='ocr_par' dir='ltr' id='par_1_9' title="bbox 73 3657 1194 3991">
     <span class='ocr_line' id='line_1_33' title="bbox 75 3657 1194 3732; baseline 0.004 -20"><span class='ocrx_word' id='word_1_281' title='bbox 75 3657 202 3732; x_wconf 88' lang='lat' dir='ltr'><strong>proceed</strong></span> <span class='ocrx_word' id='word_1_282' title='bbox 213 3674 294 3713; x_wconf 90' lang='lat' dir='ltr'><strong>more</strong></span> <span class='ocrx_word' id='word_1_283' title='bbox 306 3659 468 3730; x_wconf 84' lang='lat' dir='ltr'><strong>commonly</strong></span> <span class='ocrx_word' id='word_1_284' title='bbox 481 3659 557 3713; x_wconf 86' lang='lat' dir='ltr'><strong>from</strong></span> <span class='ocrx_word' id='word_1_285' title='bbox 571 3659 668 3731; x_wconf 91' lang='lat' dir='ltr'><strong>public</strong></span> <span class='ocrx_word' id='word_1_286' title='bbox 681 3664 834 3731; x_wconf 89' lang='lat' dir='ltr'><strong>questions.</strong></span> <span class='ocrx_word' id='word_1_287' title='bbox 881 3660 1046 3727; x_wconf 85' lang='lat' dir='ltr'><strong>Therel&#39;ore,</strong></span> <span class='ocrx_word' id='word_1_288' title='bbox 1060 3660 1138 3716; x_wconf 83' lang='lat' dir='ltr'><strong>since</strong></span> <span class='ocrx_word' id='word_1_289' title='bbox 1151 3678 1194 3717; x_wconf 79' lang='lat' dir='ltr'><strong>we</strong></span> 
     </span>
     <span class='ocr_line' id='line_1_34' title="bbox 74 3744 1194 3819; baseline 0.004 -19"><span class='ocrx_word' id='word_1_290' title='bbox 74 3745 152 3801; x_wconf 78' lang='lat' dir='ltr'><strong>have</strong></span> <span class='ocrx_word' id='word_1_291' title='bbox 167 3744 309 3801; x_wconf 83' lang='lat' dir='ltr'><strong>discussed</strong></span> <span class='ocrx_word' id='word_1_292' title='bbox 328 3762 413 3817; x_wconf 88' lang='lat' dir='ltr'><strong>many</strong></span> <span class='ocrx_word' id='word_1_293' title='bbox 428 3746 522 3816; x_wconf 87' lang='lat' dir='ltr'><strong>points</strong></span> <span class='ocrx_word' id='word_1_294' title='bbox 541 3747 609 3800; x_wconf 81' lang='lat' dir='ltr'><strong>with</strong></span> <span class='ocrx_word' id='word_1_295' title='bbox 628 3749 730 3818; x_wconf 81' lang='lat' dir='ltr'><strong>regard</strong></span> <span class='ocrx_word' id='word_1_296' title='bbox 748 3755 778 3803; x_wconf 88' lang='lat' dir='ltr'><strong>to</strong></span> <span class='ocrx_word' id='word_1_297' title='bbox 797 3756 940 3819; x_wconf 84' lang='lat' dir='ltr'><strong>compacte</strong></span> <span class='ocrx_word' id='word_1_298' title='bbox 958 3748 988 3802; x_wconf 92' lang='lat' dir='ltr'><strong>in</strong></span> <span class='ocrx_word' id='word_1_299' title='bbox 1009 3748 1194 3819; x_wconf 65' lang='lat' dir='ltr'><strong>generatura</strong></span> 
     </span>
     <span class='ocr_line' id='line_1_35' title="bbox 73 3831 1193 3905; baseline 0.003 -18"><span class='ocrx_word' id='word_1_300' title='bbox 73 3840 156 3904; x_wconf 74' lang='lat' dir='ltr'><strong>must</strong></span> <span class='ocrx_word' id='word_1_301' title='bbox 169 3832 226 3889; x_wconf 88' lang='lat' dir='ltr'><strong>add</strong></span> <span class='ocrx_word' id='word_1_302' title='bbox 237 3848 316 3889; x_wconf 82' lang='lat' dir='ltr'><strong>some</strong></span> <span class='ocrx_word' id='word_1_303' title='bbox 331 3833 458 3888; x_wconf 82' lang='lat' dir='ltr'><strong>remarks</strong></span> <span class='ocrx_word' id='word_1_304' title='bbox 470 3831 624 3905; x_wconf 80' lang='lat' dir='ltr'><strong>belonging</strong></span> <span class='ocrx_word' id='word_1_305' title='bbox 636 3839 666 3887; x_wconf 94' lang='lat' dir='ltr'><strong>to</strong></span> <span class='ocrx_word' id='word_1_306' title='bbox 681 3833 737 3888; x_wconf 80' lang='lat' dir='ltr'><strong>this</strong></span> <span class='ocrx_word' id='word_1_307' title='bbox 750 3851 830 3889; x_wconf 89' lang='lat' dir='ltr'><strong>more</strong></span> <span class='ocrx_word' id='word_1_308' title='bbox 842 3835 970 3890; x_wconf 91' lang='lat' dir='ltr'><strong>eminent</strong></span> <span class='ocrx_word' id='word_1_309' title='bbox 984 3834 1054 3889; x_wconf 88' lang='lat' dir='ltr'><strong>kind</strong></span> <span class='ocrx_word' id='word_1_310' title='bbox 1069 3834 1103 3891; x_wconf 83' lang='lat' dir='ltr'><strong>of</strong></span> <span class='ocrx_word' id='word_1_311' title='bbox 1114 3850 1193 3890; x_wconf 90' lang='lat' dir='ltr'><strong>eom·</strong></span> 
     </span>
     <span class='ocr_line' id='line_1_36' title="bbox 73 3924 154 3991; baseline 0.012 -18"><span class='ocrx_word' id='word_1_312' title='bbox 73 3924 154 3991; x_wconf 77' lang='lat' dir='ltr'><strong>pou.</strong></span> 
     </span>
    </p>

    <p class='ocr_par' dir='ltr' id='par_1_10' title="bbox 74 4004 1194 4164">
     <span class='ocr_line' id='line_1_37' title="bbox 133 4004 1194 4080; baseline 0.004 -21"><span class='ocrx_word' id='word_1_313' title='bbox 133 4005 173 4061; x_wconf 93' lang='lat'><strong>11.</strong></span> <span class='ocrx_word' id='word_1_314' title='bbox 209 4004 302 4062; x_wconf 84' lang='lat' dir='ltr'><strong>These</strong></span> <span class='ocrx_word' id='word_1_315' title='bbox 312 4006 409 4080; x_wconf 88' lang='lat' dir='ltr'><strong>publio</strong></span> <span class='ocrx_word' id='word_1_316' title='bbox 426 4012 604 4076; x_wconf 82' lang='lat' dir='ltr'><strong>agreements</strong></span> <span class='ocrx_word' id='word_1_317' title='bbox 617 4024 658 4062; x_wconf 82' lang='lat' dir='ltr'><strong>we</strong></span> <span class='ocrx_word' id='word_1_318' title='bbox 673 4024 739 4080; x_wconf 87' lang='lat' dir='ltr'><strong>may</strong></span> <span class='ocrx_word' id='word_1_319' title='bbox 753 4006 848 4063; x_wconf 82' lang='lat' dir='ltr'><strong>divide</strong></span> <span class='ocrx_word' id='word_1_320' title='bbox 862 4008 924 4063; x_wconf 90' lang='lat' dir='ltr'><strong>into</strong></span> <span class='ocrx_word' id='word_1_321' title='bbox 938 4007 1041 4064; x_wconf 89' lang='lat' dir='ltr'><strong>Public</strong></span> <span class='ocrx_word' id='word_1_322' title='bbox 1056 4007 1194 4074; x_wconf 64' lang='lat' dir='ltr'><strong>Treatiea</strong></span> 
     </span>
     <span class='ocr_line' id='line_1_38' title="bbox 74 4091 606 4164; baseline 0.002 -16"><span class='ocrx_word' id='word_1_323' title='bbox 74 4091 242 4163; x_wconf 73' lang='lat' dir='ltr'><strong>sponsione,</strong></span> <span class='ocrx_word' id='word_1_324' title='bbox 256 4094 314 4147; x_wconf 90' lang='lat' dir='ltr'><strong>and</strong></span> <span class='ocrx_word' id='word_1_325' title='bbox 326 4093 410 4149; x_wconf 91' lang='lat' dir='ltr'><strong>other</strong></span> <span class='ocrx_word' id='word_1_326' title='bbox 425 4093 606 4164; x_wconf 84' lang='lat' dir='ltr'><strong>Compaets*.</strong></span> 
     </span>
    </p>

    <p class='ocr_par' dir='ltr' id='par_1_11' title="bbox 70 4177 1193 4428">
     <span class='ocr_line' id='line_1_39' title="bbox 131 4177 1192 4250; baseline 0.002 -18"><span class='ocrx_word' id='word_1_327' title='bbox 131 4178 185 4234; x_wconf 89' lang='lat'>111.</span> <span class='ocrx_word' id='word_1_328' title='bbox 221 4185 235 4232; x_wconf 95' lang='lat'>1</span> <span class='ocrx_word' id='word_1_329' title='bbox 255 4179 335 4234; x_wconf 81' lang='lat' dir='ltr'><strong>With</strong></span> <span class='ocrx_word' id='word_1_330' title='bbox 354 4180 456 4250; x_wconf 78' lang='lat' dir='ltr'><strong>regard</strong></span> <span class='ocrx_word' id='word_1_331' title='bbox 468 4187 498 4234; x_wconf 88' lang='lat' dir='ltr'><strong>to</strong></span> <span class='ocrx_word' id='word_1_332' title='bbox 510 4181 560 4235; x_wconf 91' lang='lat' dir='ltr'><strong>the</strong></span> <span class='ocrx_word' id='word_1_333' title='bbox 573 4180 726 4235; x_wconf 77' lang='lat' dir='ltr'><strong>differente</strong></span> <span class='ocrx_word' id='word_1_334' title='bbox 743 4181 777 4236; x_wconf 78' lang='lat' dir='ltr'><strong>oi</strong></span> <span class='ocrx_word' id='word_1_335' title='bbox 791 4180 893 4236; x_wconf 91' lang='lat' dir='ltr'><strong>Public</strong></span> <span class='ocrx_word' id='word_1_336' title='bbox 905 4181 1033 4236; x_wconf 84' lang='lat' dir='ltr'><strong>Treaties</strong></span> <span class='ocrx_word' id='word_1_337' title='bbox 1049 4177 1192 4249; x_wconf 79' lang='lat' dir='ltr'><strong>(Foedere)</strong></span> 
     </span>
     <span class='ocr_line' id='line_1_40' title="bbox 71 4264 1193 4341; baseline -0.001 -19"><span class='ocrx_word' id='word_1_338' title='bbox 71 4265 134 4322; x_wconf 87' lang='lat' dir='ltr'><strong>and</strong></span> <span class='ocrx_word' id='word_1_339' title='bbox 143 4264 334 4320; x_wconf 70' lang='lat' dir='ltr'><strong>Consentions</strong></span> <span class='ocrx_word' id='word_1_340' title='bbox 347 4267 430 4320; x_wconf 86' lang='lat' dir='ltr'><strong>modo</strong></span> <span class='ocrx_word' id='word_1_341' title='bbox 446 4284 482 4321; x_wconf 93' lang='lat' dir='ltr'><strong>on</strong></span> <span class='ocrx_word' id='word_1_342' title='bbox 495 4268 627 4339; x_wconf 85' lang='lat' dir='ltr'><strong>personal</strong></span> <span class='ocrx_word' id='word_1_343' title='bbox 640 4268 851 4341; x_wconf 86' lang='lat' dir='ltr'><strong>responsibility</strong></span> <span class='ocrx_word' id='word_1_344' title='bbox 864 4265 1061 4339; x_wconf 81' lang='lat' dir='ltr'><strong>(Speusioure),</strong></span> <span class='ocrx_word' id='word_1_345' title='bbox 1071 4285 1115 4324; x_wconf 78' lang='lat' dir='ltr'><strong>we</strong></span> <span class='ocrx_word' id='word_1_346' title='bbox 1126 4283 1193 4339; x_wconf 87' lang='lat' dir='ltr'><strong>may</strong></span> 
     </span>
     <span class='ocr_line' id='line_1_41' title="bbox 70 4352 1191 4428; baseline -0.001 -18"><span class='ocrx_word' id='word_1_347' title='bbox 70 4352 143 4410; x_wconf 84' lang='lat' dir='ltr'><strong>take</strong></span> <span class='ocrx_word' id='word_1_348' title='bbox 157 4352 253 4425; x_wconf 83' lang='lat' dir='ltr'><strong>Livy&#39;e</strong></span> <span class='ocrx_word' id='word_1_349' title='bbox 268 4353 347 4420; x_wconf 80' lang='lat' dir='ltr'><strong>rien,</strong></span> <span class='ocrx_word' id='word_1_350' title='bbox 368 4353 400 4407; x_wconf 91' lang='lat' dir='ltr'><strong>in</strong></span> <span class='ocrx_word' id='word_1_351' title='bbox 418 4353 507 4409; x_wconf 77' lang='lat' dir='ltr'><strong>which</strong></span> <span class='ocrx_word' id='word_1_352' title='bbox 526 4354 563 4410; x_wconf 92' lang='lat' dir='ltr'><strong>he</strong></span> <span class='ocrx_word' id='word_1_353' title='bbox 577 4371 641 4427; x_wconf 77' lang='lat' dir='ltr'><strong>says</strong></span> <span class='ocrx_word' id='word_1_354' title='bbox 656 4354 720 4409; x_wconf 80' lang='lat' dir='ltr'><strong>thet</strong></span> <span class='ocrx_word' id='word_1_355' title='bbox 726 4355 838 4428; x_wconf 77' lang='lat' dir='ltr'><strong>foedere</strong></span> <span class='ocrx_word' id='word_1_356' title='bbox 852 4372 902 4411; x_wconf 87' lang='lat' dir='ltr'><strong>aro</strong></span> <span class='ocrx_word' id='word_1_357' title='bbox 920 4356 1037 4415; x_wconf 84' lang='lat' dir='ltr'><strong>treatiee</strong></span> <span class='ocrx_word' id='word_1_358' title='bbox 1052 4354 1137 4410; x_wconf 88' lang='lat' dir='ltr'><strong>made</strong></span> <span class='ocrx_word' id='word_1_359' title='bbox 1150 4353 1191 4428; x_wconf 85' lang='lat' dir='ltr'><strong>by</strong></span> 
     </span>
    </p>
   </div>
   <div class='ocr_carea' id='block_1_6' title="bbox 495 4462 764 4514">
    <p class='ocr_par' dir='ltr' id='par_1_12' title="bbox 495 4462 764 4514">
     <span class='ocr_line' id='line_1_42' title="bbox 495 4462 764 4514; baseline 0.004 -2"><span class='ocrx_word' id='word_1_360' title='bbox 495 4464 511 4499; x_wconf 76' lang='lat'>*</span> <span class='ocrx_word' id='word_1_361' title='bbox 528 4465 574 4512; x_wconf 83' lang='lat' dir='ltr'><strong>Sea</strong></span> <span class='ocrx_word' id='word_1_362' title='bbox 588 4462 624 4514; x_wconf 79' lang='lat' dir='ltr'><strong>E.</strong></span> <span class='ocrx_word' id='word_1_363' title='bbox 638 4462 678 4513; x_wconf 78' lang='lat' dir='ltr'><strong>M.</strong></span> <span class='ocrx_word' id='word_1_364' title='bbox 694 4465 764 4513; x_wconf 74' lang='lat'>1124.</span> 
     </span>
    </p>
   </div>
   <div class='ocr_carea' id='block_1_7' title="bbox 172 4549 1089 4684">
    <p class='ocr_par' dir='ltr' id='par_1_13' title="bbox 172 4549 1089 4684">
     <span class='ocr_line' id='line_1_43' title="bbox 172 4549 1089 4684; baseline 0.005 -23"><span class='ocrx_word' id='word_1_365' title='bbox 172 4592 293 4681; x_wconf 81' lang='lat' dir='ltr'><strong>[onor.</strong></span> <span class='ocrx_word' id='word_1_366' title='bbox 310 4595 365 4684; x_wconf 79' lang='lat' dir='ltr'><strong>re]</strong></span> <span class='ocrx_word' id='word_1_367' title='bbox 1067 4549 1089 4617; x_wconf 71' lang='lat'>9</span> 
     </span>
    </p>
   </div>
   <div class='ocr_carea' id='block_1_8' title="bbox 0 0 1418 4920">
    <p class='ocr_par' dir='ltr' id='par_1_14' title="bbox 0 0 1418 4920">
     <span class='ocr_line' id='line_1_44' title="bbox 0 0 1418 4920; baseline 0 6"><span class='ocrx_word' id='word_1_368' title='bbox 0 0 1418 4920; x_wconf 95' lang='lat' dir='ltr'><strong> </strong></span> 
     </span>
    </p>
   </div>
  </div>
 </body>
</html>
