<?xml version="1.0" encoding="UTF-8"?>
<!DOCTYPE html PUBLIC "-//W3C//DTD XHTML 1.0 Transitional//EN"
    "http://www.w3.org/TR/xhtml1/DTD/xhtml1-transitional.dtd">
<html xmlns="http://www.w3.org/1999/xhtml" xml:lang="en" lang="en">
 <head>
  <title>
</title>
<meta http-equiv="Content-Type" content="text/html;charset=utf-8" />
  <meta name='ocr-system' content='tesseract 3.04.00' />
  <meta name='ocr-capabilities' content='ocr_page ocr_carea ocr_par ocr_line ocrx_word'/>
</head>
<body>
  <div class='ocr_page' id='page_1' title='image "./hugonisgrotiide01barbgoog/hugonisgrotiide01barbgoog_0151.png"; bbox 0 0 2828 4920; ppageno 0'>
   <div class='ocr_carea' id='block_1_1' title="bbox 51 274 1175 348">
    <p class='ocr_par' dir='ltr' id='par_1_1' title="bbox 51 274 1175 348">
     <span class='ocr_line' id='line_1_1' title="bbox 51 274 1175 348; baseline 0.003 -12"><span class='ocrx_word' id='word_1_1' title='bbox 51 277 225 348; x_wconf 76' lang='lat' dir='ltr'>Gar.XV.]</span> <span class='ocrx_word' id='word_1_2' title='bbox 272 280 325 336; x_wconf 87' lang='lat' dir='ltr'>DE</span> <span class='ocrx_word' id='word_1_3' title='bbox 346 279 568 340; x_wconf 80' lang='lat' dir='ltr'><strong>FEDERIBUS</strong></span> <span class='ocrx_word' id='word_1_4' title='bbox 591 282 640 340; x_wconf 75' lang='lat' dir='ltr'>AO</span> <span class='ocrx_word' id='word_1_5' title='bbox 664 284 961 343; x_wconf 79' lang='lat' dir='ltr'>SPONSIONIBUS.</span> <span class='ocrx_word' id='word_1_6' title='bbox 1114 274 1175 339; x_wconf 81' lang='lat'>141</span> 
     </span>
    </p>
   </div>
   <div class='ocr_carea' id='block_1_2' title="bbox 53 435 1332 3041">
    <p class='ocr_par' dir='ltr' id='par_1_2' title="bbox 53 435 1175 531">
     <span class='ocr_line' id='line_1_2' title="bbox 53 435 1175 531; baseline 0.003 -25"><span class='ocrx_word' id='word_1_7' title='bbox 53 439 105 507; x_wconf 89' lang='lat' dir='ltr'>thi</span> <span class='ocrx_word' id='word_1_8' title='bbox 128 440 359 518; x_wconf 79' lang='lat' dir='ltr'>observatione,</span> <span class='ocrx_word' id='word_1_9' title='bbox 385 435 538 531; x_wconf 83' lang='lat' dir='ltr'>permissa</span> <span class='ocrx_word' id='word_1_10' title='bbox 563 445 629 510; x_wconf 88' lang='lat' dir='ltr'>sola</span> <span class='ocrx_word' id='word_1_11' title='bbox 651 445 700 512; x_wconf 90' lang='lat' dir='ltr'>sui</span> <span class='ocrx_word' id='word_1_12' title='bbox 720 447 828 525; x_wconf 86' lang='lat' dir='ltr'>tutela,</span> <span class='ocrx_word' id='word_1_13' title='bbox 849 469 913 514; x_wconf 93' lang='lat' dir='ltr'>nou</span> <span class='ocrx_word' id='word_1_14' title='bbox 934 446 996 513; x_wconf 90' lang='lat' dir='ltr'>alio</span> <span class='ocrx_word' id='word_1_15' title='bbox 1015 466 1175 512; x_wconf 86' lang='lat' dir='ltr'>armorum</span> 
     </span>
    </p>

    <p class='ocr_par' dir='ltr' id='par_1_3' title="bbox 54 543 1175 630">
     <span class='ocr_line' id='line_1_3' title="bbox 54 543 1175 630; baseline 0.004 -23"><span class='ocrx_word' id='word_1_16' title='bbox 54 563 128 618; x_wconf 90' lang='lat' dir='ltr'>usu,</span> <span class='ocrx_word' id='word_1_17' title='bbox 154 550 299 630; x_wconf 88' lang='lat' dir='ltr'>apparet.</span> <span class='ocrx_word' id='word_1_18' title='bbox 346 543 391 609; x_wconf 86' lang='lat' dir='ltr'>Et</span> <span class='ocrx_word' id='word_1_19' title='bbox 414 543 449 608; x_wconf 93' lang='lat' dir='ltr'>hi</span> <span class='ocrx_word' id='word_1_20' title='bbox 474 554 580 610; x_wconf 90' lang='lat' dir='ltr'>tamen</span> <span class='ocrx_word' id='word_1_21' title='bbox 604 568 675 612; x_wconf 92' lang='lat' dir='ltr'>cum</span> <span class='ocrx_word' id='word_1_22' title='bbox 701 547 944 614; x_wconf 78' lang='lat' dir='ltr'>Lacedaemoniis</span> <span class='ocrx_word' id='word_1_23' title='bbox 965 556 998 614; x_wconf 90' lang='lat' dir='ltr'>et</span> <span class='ocrx_word' id='word_1_24' title='bbox 1023 544 1175 612; x_wconf 86' lang='lat' dir='ltr'>Romanis</span> 
     </span>
    </p>

    <p class='ocr_par' dir='ltr' id='par_1_4' title="bbox 55 640 1327 932">
     <span class='ocr_line' id='line_1_4' title="bbox 55 640 1327 736; baseline 0 -29"><span class='ocrx_word' id='word_1_25' title='bbox 55 640 161 708; x_wconf 85' lang='lat' dir='ltr'>foedus</span> <span class='ocrx_word' id='word_1_26' title='bbox 183 641 345 732; x_wconf 85' lang='lat' dir='ltr'>pepigere,</span> <span class='ocrx_word' id='word_1_27' title='bbox 369 645 618 731; x_wconf 87' lang='lat' dir='ltr'>approbantibus</span> <span class='ocrx_word' id='word_1_28' title='bbox 643 647 858 713; x_wconf 90' lang='lat' dir='ltr'>sacerdotibus</span> <span class='ocrx_word' id='word_1_29' title='bbox 880 658 914 713; x_wconf 86' lang='lat' dir='ltr'>ct</span> <span class='ocrx_word' id='word_1_30' title='bbox 947 647 1083 736; x_wconf 84' lang='lat' dir='ltr'>populo;</span> <span class='ocrx_word' id='word_1_31' title='bbox 1111 646 1173 712; x_wconf 92' lang='lat' dir='ltr'>imo</span> <span class='ocrx_word' id='word_1_32' title='bbox 1187 666 1274 707; x_wconf 70' lang='lat' dir='ltr'>rum.</span> <span class='ocrx_word' id='word_1_33' title='bbox 1282 666 1327 707; x_wconf 70' lang='lat' dir='ltr'>vra</span> 
     </span>
     <span class='ocr_line' id='line_1_5' title="bbox 56 715 1237 832; baseline 0.006 -25"><span class='ocrx_word' id='word_1_34' title='bbox 56 763 118 829; x_wconf 87' lang='lat' dir='ltr'>pro</span> <span class='ocrx_word' id='word_1_35' title='bbox 144 764 253 808; x_wconf 90' lang='lat' dir='ltr'>eorum</span> <span class='ocrx_word' id='word_1_36' title='bbox 277 743 378 809; x_wconf 87' lang='lat' dir='ltr'>salute</span> <span class='ocrx_word' id='word_1_37' title='bbox 397 767 487 810; x_wconf 88' lang='lat' dir='ltr'>sacra</span> <span class='ocrx_word' id='word_1_38' title='bbox 510 745 634 832; x_wconf 91' lang='lat' dir='ltr'>pubhce</span> <span class='ocrx_word' id='word_1_39' title='bbox 656 746 808 812; x_wconf 87' lang='lat' dir='ltr'>fecerunt</span> <span class='ocrx_word' id='word_1_40' title='bbox 862 748 942 825; x_wconf 76' lang='lat' dir='ltr'>Quae</span> <span class='ocrx_word' id='word_1_41' title='bbox 966 769 1041 814; x_wconf 86' lang='lat' dir='ltr'>vero</span> <span class='ocrx_word' id='word_1_42' title='bbox 1064 715 1237 814; x_wconf 68' lang='lat' dir='ltr'>contramd</span> 
     </span>
     <span class='ocr_line' id='line_1_6' title="bbox 57 841 719 932; baseline 0.005 -24"><span class='ocrx_word' id='word_1_43' title='bbox 57 841 258 919; x_wconf 80' lang='lat' dir='ltr'>adferuntur,</span> <span class='ocrx_word' id='word_1_44' title='bbox 274 864 384 910; x_wconf 79' lang='lat' dir='ltr'><strong>causas</strong></span> <span class='ocrx_word' id='word_1_45' title='bbox 401 845 520 911; x_wconf 86' lang='lat' dir='ltr'>hahent</span> <span class='ocrx_word' id='word_1_46' title='bbox 536 843 719 932; x_wconf 86' lang='lat' dir='ltr'>peculiares.</span> 
     </span>
    </p>

    <p class='ocr_par' dir='ltr' id='par_1_5' title="bbox 137 942 1175 1038">
     <span class='ocr_line' id='line_1_7' title="bbox 137 942 1175 1038; baseline 0.002 -26"><span class='ocrx_word' id='word_1_47' title='bbox 137 942 158 1012; x_wconf 82' lang='lat' dir='ltr'>&#39;t</span> <span class='ocrx_word' id='word_1_48' title='bbox 193 942 317 1008; x_wconf 82' lang='lat' dir='ltr'>Nam</span> <span class='ocrx_word' id='word_1_49' title='bbox 292 966 320 1009; x_wconf 83' lang='lat' dir='ltr'>ar</span> <span class='ocrx_word' id='word_1_50' title='bbox 340 966 419 1031; x_wconf 87' lang='lat' dir='ltr'>quos</span> <span class='ocrx_word' id='word_1_51' title='bbox 435 966 528 1034; x_wconf 84' lang='lat' dir='ltr'>reges</span> <span class='ocrx_word' id='word_1_52' title='bbox 548 953 606 1011; x_wconf 90' lang='lat' dir='ltr'>aut</span> <span class='ocrx_word' id='word_1_53' title='bbox 626 946 767 1033; x_wconf 89' lang='lat' dir='ltr'>populos,</span> <span class='ocrx_word' id='word_1_54' title='bbox 792 954 885 1012; x_wconf 86' lang='lat' dir='ltr'>extra</span> <span class='ocrx_word' id='word_1_55' title='bbox 906 968 961 1012; x_wconf 93' lang='lat' dir='ltr'>eos</span> <span class='ocrx_word' id='word_1_56' title='bbox 977 945 1080 1035; x_wconf 91' lang='lat' dir='ltr'>quiin</span> <span class='ocrx_word' id='word_1_57' title='bbox 1102 947 1175 1038; x_wconf 86' lang='lat' dir='ltr'>lege</span> 
     </span>
    </p>

    <p class='ocr_par' dir='ltr' id='par_1_6' title="bbox 59 1041 1174 1135">
     <span class='ocr_line' id='line_1_8' title="bbox 59 1041 1174 1135; baseline 0.004 -26"><span class='ocrx_word' id='word_1_58' title='bbox 59 1041 202 1130; x_wconf 78' lang='lat' dir='ltr'>expressi</span> <span class='ocrx_word' id='word_1_59' title='bbox 227 1052 329 1121; x_wconf 89' lang='lat' dir='ltr'>erant,</span> <span class='ocrx_word' id='word_1_60' title='bbox 354 1067 467 1110; x_wconf 84' lang='lat' dir='ltr'>exosos</span> <span class='ocrx_word' id='word_1_61' title='bbox 492 1043 607 1110; x_wconf 90' lang='lat' dir='ltr'>sibiet</span> <span class='ocrx_word' id='word_1_62' title='bbox 632 1044 803 1112; x_wconf 81' lang='lat' dir='ltr'>infortunio</span> <span class='ocrx_word' id='word_1_63' title='bbox 829 1047 993 1113; x_wconf 90' lang='lat' dir='ltr'>damnatos</span> <span class='ocrx_word' id='word_1_64' title='bbox 1013 1070 1071 1135; x_wconf 88' lang='lat' dir='ltr'>per</span> <span class='ocrx_word' id='word_1_65' title='bbox 1096 1049 1174 1114; x_wconf 90' lang='lat' dir='ltr'>Pro·</span> 
     </span>
    </p>

    <p class='ocr_par' dir='ltr' id='par_1_7' title="bbox 60 1143 1174 1234">
     <span class='ocr_line' id='line_1_9' title="bbox 60 1143 1174 1234; baseline 0.004 -25"><span class='ocrx_word' id='word_1_66' title='bbox 60 1144 174 1230; x_wconf 86' lang='lat' dir='ltr'>phetas</span> <span class='ocrx_word' id='word_1_67' title='bbox 189 1143 278 1210; x_wconf 89' lang='lat' dir='ltr'>Deus</span> <span class='ocrx_word' id='word_1_68' title='bbox 296 1144 509 1234; x_wconf 83' lang='lat' dir='ltr'>significasset,</span> <span class='ocrx_word' id='word_1_69' title='bbox 486 1153 636 1210; x_wconf 91' lang='lat' dir='ltr'>teorum</span> <span class='ocrx_word' id='word_1_70' title='bbox 653 1146 784 1212; x_wconf 88' lang='lat' dir='ltr'>tutelam</span> <span class='ocrx_word' id='word_1_71' title='bbox 801 1146 958 1232; x_wconf 84' lang='lat' dir='ltr'>suscipere</span> <span class='ocrx_word' id='word_1_72' title='bbox 976 1155 1032 1214; x_wconf 90' lang='lat' dir='ltr'>aut</span> <span class='ocrx_word' id='word_1_73' title='bbox 1049 1170 1118 1214; x_wconf 86' lang='lat' dir='ltr'>cum</span> <span class='ocrx_word' id='word_1_74' title='bbox 1135 1147 1174 1214; x_wconf 89' lang='lat' dir='ltr'>iis</span> 
     </span>
    </p>

    <p class='ocr_par' dir='ltr' id='par_1_8' title="bbox 63 1244 1332 1534">
     <span class='ocr_line' id='line_1_10' title="bbox 63 1244 1332 1335; baseline 0.002 -25"><span class='ocrx_word' id='word_1_75' title='bbox 63 1265 152 1311; x_wconf 87' lang='lat' dir='ltr'>arma</span> <span class='ocrx_word' id='word_1_76' title='bbox 165 1244 284 1312; x_wconf 86' lang='lat' dir='ltr'>sociare</span> <span class='ocrx_word' id='word_1_77' title='bbox 306 1245 502 1311; x_wconf 89' lang='lat' dir='ltr'>hauddubie</span> <span class='ocrx_word' id='word_1_78' title='bbox 524 1245 612 1311; x_wconf 86' lang='lat' dir='ltr'>nefas</span> <span class='ocrx_word' id='word_1_79' title='bbox 629 1255 711 1312; x_wconf 92' lang='lat' dir='ltr'>erat.</span> <span class='ocrx_word' id='word_1_80' title='bbox 750 1247 823 1312; x_wconf 92' lang='lat' dir='ltr'>Huc</span> <span class='ocrx_word' id='word_1_81' title='bbox 841 1246 919 1312; x_wconf 91' lang='lat' dir='ltr'>illud</span> <span class='ocrx_word' id='word_1_82' title='bbox 937 1247 1074 1335; x_wconf 80' lang='lat' dir='ltr'>pertinet</span> <span class='ocrx_word' id='word_1_83' title='bbox 1096 1250 1174 1315; x_wconf 90' lang='lat' dir='ltr'>Pro·</span> <span class='ocrx_word' id='word_1_84' title='bbox 1185 1261 1332 1304; x_wconf 62' lang='lat' dir='ltr'>”ww</span> 
     </span>
     <span class='ocr_line' id='line_1_11' title="bbox 64 1344 1175 1436; baseline 0.006 -27"><span class='ocrx_word' id='word_1_85' title='bbox 64 1344 168 1432; x_wconf 81' lang='lat' dir='ltr'>phetae</span> <span class='ocrx_word' id='word_1_86' title='bbox 194 1346 256 1412; x_wconf 87' lang='lat' dir='ltr'>⁰ad</span> <span class='ocrx_word' id='word_1_87' title='bbox 281 1344 306 1410; x_wconf 90' lang='lat' dir='ltr'><strong>J</strong></span> <span class='ocrx_word' id='word_1_88' title='bbox 308 1346 494 1433; x_wconf 89' lang='lat' dir='ltr'>osaphatum</span> <span class='ocrx_word' id='word_1_89' title='bbox 520 1345 560 1413; x_wconf 92' lang='lat' dir='ltr'>de</span> <span class='ocrx_word' id='word_1_90' title='bbox 586 1367 664 1435; x_wconf 86' lang='lat' dir='ltr'>rege</span> <span class='ocrx_word' id='word_1_91' title='bbox 696 1345 844 1413; x_wconf 75' lang='lat' dir='ltr'>Israelis.</span> <span class='ocrx_word' id='word_1_92' title='bbox 887 1349 935 1414; x_wconf 88' lang='lat' dir='ltr'>Te</span> <span class='ocrx_word' id='word_1_93' title='bbox 961 1371 1001 1416; x_wconf 84' lang='lat' dir='ltr'>ac</span> <span class='ocrx_word' id='word_1_94' title='bbox 1028 1350 1175 1436; x_wconf 79' lang='lat' dir='ltr'>improbo</span> 
     </span>
     <span class='ocr_line' id='line_1_12' title="bbox 68 1447 1176 1561; baseline 0.005 -49"><span class='ocrx_word' id='word_1_95' title='bbox 68 1448 233 1561; x_wconf 72' lang='lat' dir='ltr'>opitulari,</span> <span class='ocrx_word' id='word_1_96' title='bbox 260 1458 291 1513; x_wconf 87' lang='lat' dir='ltr'>ct</span> <span class='ocrx_word' id='word_1_97' title='bbox 313 1468 366 1513; x_wconf 85' lang='lat' dir='ltr'>eos</span> <span class='ocrx_word' id='word_1_98' title='bbox 386 1447 525 1532; x_wconf 73' lang='lat' dir='ltr'>dilipcrc</span> <span class='ocrx_word' id='word_1_99' title='bbox 546 1448 626 1534; x_wconf 71' lang='lat' dir='ltr'>chi</span> <span class='ocrx_word' id='word_1_100' title='bbox 643 1449 752 1513; x_wconf 81' lang='lat' dir='ltr'>Deam</span> <span class='ocrx_word' id='word_1_101' title='bbox 777 1448 942 1514; x_wconf 79' lang='lat' dir='ltr'>oderunt?</span> <span class='ocrx_word' id='word_1_102' title='bbox 992 1452 1039 1516; x_wconf 85' lang='lat' dir='ltr'>At</span> <span class='ocrx_word' id='word_1_103' title='bbox 1055 1452 1094 1517; x_wconf 85' lang='lat' dir='ltr'>oh</span> <span class='ocrx_word' id='word_1_104' title='bbox 1115 1452 1176 1516; x_wconf 83' lang='lat' dir='ltr'>hoo</span> 
     </span>
    </p>

    <p class='ocr_par' dir='ltr' id='par_1_9' title="bbox 70 1545 1174 1630">
     <span class='ocr_line' id='line_1_13' title="bbox 70 1545 1174 1630; baseline 0.004 -21"><span class='ocrx_word' id='word_1_105' title='bbox 70 1545 171 1630; x_wconf 80' lang='lat' dir='ltr'>ipsura</span> <span class='ocrx_word' id='word_1_106' title='bbox 195 1549 322 1614; x_wconf 81' lang='lat' dir='ltr'>acarac&#39;t</span> <span class='ocrx_word' id='word_1_107' title='bbox 344 1549 380 1613; x_wconf 81' lang='lat' dir='ltr'>ira</span> <span class='ocrx_word' id='word_1_108' title='bbox 406 1559 436 1613; x_wconf 85' lang='lat' dir='ltr'>tc</span> <span class='ocrx_word' id='word_1_109' title='bbox 458 1549 526 1612; x_wconf 86' lang='lat' dir='ltr'>Dei</span> <span class='ocrx_word' id='word_1_110' title='bbox 548 1549 614 1613; x_wconf 84' lang='lat' dir='ltr'>ira.</span> <span class='ocrx_word' id='word_1_111' title='bbox 666 1547 748 1612; x_wconf 82' lang='lat' dir='ltr'>Nam</span> <span class='ocrx_word' id='word_1_112' title='bbox 776 1547 930 1614; x_wconf 82' lang='lat' dir='ltr'>infelicem</span> <span class='ocrx_word' id='word_1_113' title='bbox 953 1548 1027 1615; x_wconf 91' lang='lat' dir='ltr'>belli</span> <span class='ocrx_word' id='word_1_114' title='bbox 1052 1547 1174 1615; x_wconf 83' lang='lat' dir='ltr'>exitum</span> 
     </span>
    </p>

    <p class='ocr_par' dir='ltr' id='par_1_10' title="bbox 73 1644 1176 1738">
     <span class='ocr_line' id='line_1_14' title="bbox 73 1644 1176 1738; baseline 0.005 -28"><span class='ocrx_word' id='word_1_115' title='bbox 73 1644 201 1713; x_wconf 81' lang='lat' dir='ltr'>Micheas</span> <span class='ocrx_word' id='word_1_116' title='bbox 214 1647 372 1733; x_wconf 87' lang='lat' dir='ltr'>propheta</span> <span class='ocrx_word' id='word_1_117' title='bbox 382 1645 450 1733; x_wconf 91' lang='lat' dir='ltr'>jam</span> <span class='ocrx_word' id='word_1_118' title='bbox 473 1655 549 1712; x_wconf 89' lang='lat' dir='ltr'>ante</span> <span class='ocrx_word' id='word_1_119' title='bbox 565 1647 768 1735; x_wconf 78' lang='lat' dir='ltr'>praedixerat</span> <span class='ocrx_word' id='word_1_120' title='bbox 803 1649 848 1714; x_wconf 87' lang='lat' dir='ltr'>Et</span> <span class='ocrx_word' id='word_1_121' title='bbox 863 1648 994 1714; x_wconf 90' lang='lat' dir='ltr'>alterius</span> <span class='ocrx_word' id='word_1_122' title='bbox 1011 1649 1176 1738; x_wconf 73' lang='lat' dir='ltr'>propheta</span> 
     </span>
    </p>

    <p class='ocr_par' dir='ltr' id='par_1_11' title="bbox 76 1745 1327 1936">
     <span class='ocr_line' id='line_1_15' title="bbox 76 1745 1327 1816; baseline 0.001 -5"><span class='ocrx_word' id='word_1_123' title='bbox 76 1745 113 1811; x_wconf 89' lang='lat' dir='ltr'>ad</span> <span class='ocrx_word' id='word_1_124' title='bbox 133 1745 308 1813; x_wconf 80' lang='lat' dir='ltr'>Amasiam:</span> <span class='ocrx_word' id='word_1_125' title='bbox 331 1748 386 1813; x_wconf 82' lang='lat' dir='ltr'>Ne</span> <span class='ocrx_word' id='word_1_126' title='bbox 410 1749 458 1812; x_wconf 83' lang='lat' dir='ltr'>ito</span> <span class='ocrx_word' id='word_1_127' title='bbox 487 1760 590 1813; x_wconf 81' lang='lat' dir='ltr'>tecum</span> <span class='ocrx_word' id='word_1_128' title='bbox 615 1751 780 1815; x_wconf 68' lang='lat' dir='ltr'>enervitate</span> <span class='ocrx_word' id='word_1_129' title='bbox 805 1751 1063 1816; x_wconf 72' lang='lat' dir='ltr'>Iaroe‘lc‘tarcmc</span> <span class='ocrx_word' id='word_1_130' title='bbox 1096 1766 1327 1816; x_wconf 64' lang='lat' dir='ltr'>mazamet.</span> 
     </span>
     <span class='ocr_line' id='line_1_16' title="bbox 78 1847 1175 1936; baseline 0.002 -24"><span class='ocrx_word' id='word_1_131' title='bbox 78 1867 132 1912; x_wconf 84' lang='lat' dir='ltr'>aaa</span> <span class='ocrx_word' id='word_1_132' title='bbox 159 1849 251 1915; x_wconf 80' lang='lat' dir='ltr'>odeat</span> <span class='ocrx_word' id='word_1_133' title='bbox 276 1847 369 1912; x_wconf 85' lang='lat' dir='ltr'>Deua</span> <span class='ocrx_word' id='word_1_134' title='bbox 398 1848 575 1924; x_wconf 81' lang='lat' dir='ltr'>Israelitis,</span> <span class='ocrx_word' id='word_1_135' title='bbox 609 1849 673 1914; x_wconf 83' lang='lat' dir='ltr'>allc&#39;</span> <span class='ocrx_word' id='word_1_136' title='bbox 707 1852 845 1936; x_wconf 63' lang='lat' dir='ltr'>trapeam</span> <span class='ocrx_word' id='word_1_137' title='bbox 869 1851 1175 1936; x_wconf 82' lang='lat' dir='ltr'>Ephraimitarccm.</span> 
     </span>
    </p>

    <p class='ocr_par' dir='ltr' id='par_1_12' title="bbox 81 1943 1177 2038">
     <span class='ocr_line' id='line_1_17' title="bbox 81 1943 1177 2038; baseline 0.005 -28"><span class='ocrx_word' id='word_1_138' title='bbox 81 1945 139 2012; x_wconf 90' lang='lat' dir='ltr'>Hoc</span> <span class='ocrx_word' id='word_1_139' title='bbox 153 1969 225 2013; x_wconf 79' lang='lat' dir='ltr'>vero</span> <span class='ocrx_word' id='word_1_140' title='bbox 249 1967 313 2011; x_wconf 93' lang='lat' dir='ltr'>non</span> <span class='ocrx_word' id='word_1_141' title='bbox 331 1943 439 2012; x_wconf 86' lang='lat' dir='ltr'>venire</span> <span class='ocrx_word' id='word_1_142' title='bbox 456 1968 497 2012; x_wconf 85' lang='lat' dir='ltr'>ex</span> <span class='ocrx_word' id='word_1_143' title='bbox 517 1955 632 2014; x_wconf 90' lang='lat' dir='ltr'>natura</span> <span class='ocrx_word' id='word_1_144' title='bbox 648 1948 774 2025; x_wconf 81' lang='lat' dir='ltr'>federis,</span> <span class='ocrx_word' id='word_1_145' title='bbox 792 1948 848 2015; x_wconf 92' lang='lat' dir='ltr'>scd</span> <span class='ocrx_word' id='word_1_146' title='bbox 865 1970 906 2015; x_wconf 87' lang='lat' dir='ltr'>ex</span> <span class='ocrx_word' id='word_1_147' title='bbox 923 1971 1067 2037; x_wconf 75' lang='lat' dir='ltr'>personae</span> <span class='ocrx_word' id='word_1_148' title='bbox 1083 1971 1177 2038; x_wconf 90' lang='lat' dir='ltr'>pecu·</span> 
     </span>
    </p>

    <p class='ocr_par' dir='ltr' id='par_1_13' title="bbox 81 2043 1177 2138">
     <span class='ocr_line' id='line_1_18' title="bbox 81 2043 1177 2138; baseline 0.004 -28"><span class='ocrx_word' id='word_1_149' title='bbox 81 2043 139 2112; x_wconf 87' lang='lat' dir='ltr'>liari</span> <span class='ocrx_word' id='word_1_150' title='bbox 159 2047 294 2134; x_wconf 86' lang='lat' dir='ltr'>quadam</span> <span class='ocrx_word' id='word_1_151' title='bbox 314 2046 477 2133; x_wconf 82' lang='lat' dir='ltr'>qualitate,</span> <span class='ocrx_word' id='word_1_152' title='bbox 500 2048 553 2113; x_wconf 84' lang='lat' dir='ltr'>vel</span> <span class='ocrx_word' id='word_1_153' title='bbox 572 2047 644 2113; x_wconf 91' lang='lat' dir='ltr'>hinc</span> <span class='ocrx_word' id='word_1_154' title='bbox 670 2047 834 2126; x_wconf 80' lang='lat' dir='ltr'>evincitur,</span> <span class='ocrx_word' id='word_1_155' title='bbox 855 2049 940 2135; x_wconf 90' lang='lat' dir='ltr'>quod</span> <span class='ocrx_word' id='word_1_156' title='bbox 964 2047 1108 2138; x_wconf 85' lang='lat' dir='ltr'>graviter</span> <span class='ocrx_word' id='word_1_157' title='bbox 1128 2048 1177 2114; x_wconf 91' lang='lat' dir='ltr'>in·</span> 
     </span>
    </p>

    <p class='ocr_par' dir='ltr' id='par_1_14' title="bbox 80 2146 1327 2339">
     <span class='ocr_line' id='line_1_19' title="bbox 82 2146 1327 2236; baseline 0 -26"><span class='ocrx_word' id='word_1_158' title='bbox 82 2147 201 2234; x_wconf 87' lang='lat' dir='ltr'>crepitus</span> <span class='ocrx_word' id='word_1_159' title='bbox 225 2155 276 2215; x_wconf 88' lang='lat' dir='ltr'>est</span> <span class='ocrx_word' id='word_1_160' title='bbox 296 2146 501 2233; x_wconf 89' lang='lat' dir='ltr'>Josaphatus,</span> <span class='ocrx_word' id='word_1_161' title='bbox 525 2147 619 2212; x_wconf 87' lang='lat' dir='ltr'>etiam</span> <span class='ocrx_word' id='word_1_162' title='bbox 643 2147 720 2213; x_wconf 86' lang='lat' dir='ltr'>diris</span> <span class='ocrx_word' id='word_1_163' title='bbox 743 2148 868 2226; x_wconf 89' lang='lat' dir='ltr'>additis,</span> <span class='ocrx_word' id='word_1_164' title='bbox 890 2170 927 2215; x_wconf 88' lang='lat' dir='ltr'>eo</span> <span class='ocrx_word' id='word_1_165' title='bbox 950 2148 1075 2215; x_wconf 90' lang='lat' dir='ltr'>nominc</span> <span class='ocrx_word' id='word_1_166' title='bbox 1091 2147 1176 2236; x_wconf 92' lang='lat' dir='ltr'>quod</span> <span class='ocrx_word' id='word_1_167' title='bbox 1188 2164 1327 2210; x_wconf 49' lang='lat' dir='ltr'>utana.</span> 
     </span>
     <span class='ocr_line' id='line_1_20' title="bbox 80 2246 1173 2339; baseline 0.004 -29"><span class='ocrx_word' id='word_1_168' title='bbox 80 2249 237 2315; x_wconf 90' lang='lat' dir='ltr'>commercii</span> <span class='ocrx_word' id='word_1_169' title='bbox 253 2267 348 2313; x_wconf 87' lang='lat' dir='ltr'>causa</span> <span class='ocrx_word' id='word_1_170' title='bbox 369 2246 551 2312; x_wconf 88' lang='lat' dir='ltr'>societatem</span> <span class='ocrx_word' id='word_1_171' title='bbox 572 2247 692 2314; x_wconf 84' lang='lat' dir='ltr'>iniisset</span> <span class='ocrx_word' id='word_1_172' title='bbox 708 2271 778 2314; x_wconf 91' lang='lat' dir='ltr'>cum</span> <span class='ocrx_word' id='word_1_173' title='bbox 800 2248 939 2314; x_wconf 85' lang='lat' dir='ltr'>Ochozia</span> <span class='ocrx_word' id='word_1_174' title='bbox 954 2270 1033 2339; x_wconf 86' lang='lat' dir='ltr'>rege</span> <span class='ocrx_word' id='word_1_175' title='bbox 1048 2247 1173 2315; x_wconf 74' lang='lat' dir='ltr'>Israeli-</span> 
     </span>
    </p>

    <p class='ocr_par' dir='ltr' id='par_1_15' title="bbox 78 2346 1176 2433">
     <span class='ocr_line' id='line_1_21' title="bbox 78 2346 1176 2433; baseline 0.003 -22"><span class='ocrx_word' id='word_1_176' title='bbox 78 2352 178 2426; x_wconf 87' lang='lat' dir='ltr'>tarum,</span> <span class='ocrx_word' id='word_1_177' title='bbox 199 2347 332 2415; x_wconf 88' lang='lat' dir='ltr'>similem</span> <span class='ocrx_word' id='word_1_178' title='bbox 349 2346 388 2424; x_wconf 89' lang='lat' dir='ltr'>ei,</span> <span class='ocrx_word' id='word_1_179' title='bbox 408 2367 502 2433; x_wconf 90' lang='lat' dir='ltr'>quam</span> <span class='ocrx_word' id='word_1_180' title='bbox 519 2347 627 2413; x_wconf 87' lang='lat' dir='ltr'>David</span> <span class='ocrx_word' id='word_1_181' title='bbox 652 2358 685 2414; x_wconf 90' lang='lat' dir='ltr'>et</span> <span class='ocrx_word' id='word_1_182' title='bbox 708 2348 833 2414; x_wconf 90' lang='lat' dir='ltr'>Solomo</span> <span class='ocrx_word' id='word_1_183' title='bbox 858 2347 994 2415; x_wconf 88' lang='lat' dir='ltr'>inierant</span> <span class='ocrx_word' id='word_1_184' title='bbox 1020 2370 1091 2414; x_wconf 91' lang='lat' dir='ltr'>cum</span> <span class='ocrx_word' id='word_1_185' title='bbox 1116 2347 1176 2414; x_wconf 88' lang='lat' dir='ltr'>Hi·</span> 
     </span>
    </p>

    <p class='ocr_par' dir='ltr' id='par_1_16' title="bbox 74 2446 1177 2537">
     <span class='ocr_line' id='line_1_22' title="bbox 74 2446 1177 2537; baseline 0.003 -25"><span class='ocrx_word' id='word_1_186' title='bbox 74 2467 161 2528; x_wconf 87' lang='lat' dir='ltr'>ramo,</span> <span class='ocrx_word' id='word_1_187' title='bbox 184 2471 263 2537; x_wconf 88' lang='lat' dir='ltr'>quos</span> <span class='ocrx_word' id='word_1_188' title='bbox 288 2468 326 2512; x_wconf 88' lang='lat' dir='ltr'>eo</span> <span class='ocrx_word' id='word_1_189' title='bbox 349 2446 474 2512; x_wconf 89' lang='lat' dir='ltr'>nominc</span> <span class='ocrx_word' id='word_1_190' title='bbox 501 2446 618 2533; x_wconf 89' lang='lat' dir='ltr'>partim</span> <span class='ocrx_word' id='word_1_191' title='bbox 646 2468 708 2513; x_wconf 94' lang='lat' dir='ltr'>non</span> <span class='ocrx_word' id='word_1_192' title='bbox 729 2449 946 2535; x_wconf 88' lang='lat' dir='ltr'>reprehensos,</span> <span class='ocrx_word' id='word_1_193' title='bbox 968 2447 1084 2537; x_wconf 89' lang='lat' dir='ltr'>partim</span> <span class='ocrx_word' id='word_1_194' title='bbox 1108 2448 1177 2515; x_wconf 92' lang='lat' dir='ltr'>lau·</span> 
     </span>
    </p>

    <p class='ocr_par' dir='ltr' id='par_1_17' title="bbox 71 2546 1177 2638">
     <span class='ocr_line' id='line_1_23' title="bbox 71 2546 1177 2638; baseline 0 -24"><span class='ocrx_word' id='word_1_195' title='bbox 71 2546 155 2615; x_wconf 87' lang='lat' dir='ltr'>datos</span> <span class='ocrx_word' id='word_1_196' title='bbox 176 2548 320 2615; x_wconf 83' lang='lat' dir='ltr'>diximus.</span> <span class='ocrx_word' id='word_1_197' title='bbox 374 2547 458 2611; x_wconf 91' lang='lat' dir='ltr'>Nam</span> <span class='ocrx_word' id='word_1_198' title='bbox 484 2547 569 2632; x_wconf 91' lang='lat' dir='ltr'>quod</span> <span class='ocrx_word' id='word_1_199' title='bbox 594 2546 722 2613; x_wconf 84' lang='lat' dir='ltr'>additur</span> <span class='ocrx_word' id='word_1_200' title='bbox 748 2548 917 2614; x_wconf 86' lang='lat' dir='ltr'>Ochoziam</span> <span class='ocrx_word' id='word_1_201' title='bbox 942 2548 1039 2637; x_wconf 89' lang='lat' dir='ltr'>impie</span> <span class='ocrx_word' id='word_1_202' title='bbox 1065 2546 1177 2638; x_wconf 86' lang='lat' dir='ltr'>egisse,</span> 
     </span>
    </p>

    <p class='ocr_par' dir='ltr' id='par_1_18' title="bbox 67 2645 1179 2737">
     <span class='ocr_line' id='line_1_24' title="bbox 67 2645 1179 2737; baseline -0.001 -22"><span class='ocrx_word' id='word_1_203' title='bbox 67 2647 159 2716; x_wconf 89' lang='lat' dir='ltr'>dehet</span> <span class='ocrx_word' id='word_1_204' title='bbox 173 2649 214 2716; x_wconf 90' lang='lat' dir='ltr'>ad</span> <span class='ocrx_word' id='word_1_205' title='bbox 232 2657 332 2716; x_wconf 88' lang='lat' dir='ltr'>totam</span> <span class='ocrx_word' id='word_1_206' title='bbox 350 2645 417 2733; x_wconf 85' lang='lat' dir='ltr'>ejus</span> <span class='ocrx_word' id='word_1_207' title='bbox 442 2645 540 2712; x_wconf 80' lang='lat' dir='ltr'>vitam</span> <span class='ocrx_word' id='word_1_208' title='bbox 558 2646 680 2724; x_wconf 87' lang='lat' dir='ltr'>referri,</span> <span class='ocrx_word' id='word_1_209' title='bbox 706 2648 747 2714; x_wconf 89' lang='lat' dir='ltr'>oh</span> <span class='ocrx_word' id='word_1_210' title='bbox 765 2669 859 2735; x_wconf 90' lang='lat' dir='ltr'>quam</span> <span class='ocrx_word' id='word_1_211' title='bbox 881 2647 971 2716; x_wconf 90' lang='lat' dir='ltr'>Deus</span> <span class='ocrx_word' id='word_1_212' title='bbox 995 2647 1055 2737; x_wconf 92' lang='lat' dir='ltr'>ipsi</span> <span class='ocrx_word' id='word_1_213' title='bbox 1080 2648 1179 2715; x_wconf 90' lang='lat' dir='ltr'>omni·</span> 
     </span>
    </p>

    <p class='ocr_par' dir='ltr' id='par_1_19' title="bbox 61 2745 1179 2940">
     <span class='ocr_line' id='line_1_25' title="bbox 65 2745 1179 2837; baseline 0 -21"><span class='ocrx_word' id='word_1_214' title='bbox 65 2749 182 2837; x_wconf 88' lang='lat' dir='ltr'>busque</span> <span class='ocrx_word' id='word_1_215' title='bbox 195 2749 264 2837; x_wconf 90' lang='lat' dir='ltr'>ejus</span> <span class='ocrx_word' id='word_1_216' title='bbox 288 2746 451 2812; x_wconf 90' lang='lat' dir='ltr'>conatibus</span> <span class='ocrx_word' id='word_1_217' title='bbox 476 2745 616 2812; x_wconf 82' lang='lat' dir='ltr'>infensus</span> <span class='ocrx_word' id='word_1_218' title='bbox 637 2745 753 2816; x_wconf 85' lang='lat' dir='ltr'>fuerit:</span> <span class='ocrx_word' id='word_1_219' title='bbox 780 2749 935 2835; x_wconf 91' lang='lat' dir='ltr'>quomodo</span> <span class='ocrx_word' id='word_1_220' title='bbox 955 2750 1024 2816; x_wconf 86' lang='lat' dir='ltr'>haec</span> <span class='ocrx_word' id='word_1_221' title='bbox 1047 2746 1179 2816; x_wconf 91' lang='lat' dir='ltr'>historia</span> 
     </span>
     <span class='ocr_line' id='line_1_26' title="bbox 61 2845 1177 2940; baseline 0.004 -24"><span class='ocrx_word' id='word_1_222' title='bbox 61 2851 236 2940; x_wconf 84' lang='lat' dir='ltr'>explicatur</span> <span class='ocrx_word' id='word_1_223' title='bbox 263 2847 298 2914; x_wconf 93' lang='lat' dir='ltr'>in</span> <span class='ocrx_word' id='word_1_224' title='bbox 326 2847 418 2924; x_wconf 88' lang='lat' dir='ltr'>hhro,</span> <span class='ocrx_word' id='word_1_225' title='bbox 446 2845 497 2912; x_wconf 90' lang='lat' dir='ltr'>cui</span> <span class='ocrx_word' id='word_1_226' title='bbox 522 2868 636 2914; x_wconf 91' lang='lat' dir='ltr'>nomen</span> <span class='ocrx_word' id='word_1_227' title='bbox 663 2848 908 2916; x_wconf 85' lang='lat' dir='ltr'>Constitutiones</span> <span class='ocrx_word' id='word_1_228' title='bbox 930 2848 1101 2917; x_wconf 87' lang='lat' dir='ltr'>Clementis</span> <span class='ocrx_word' id='word_1_229' title='bbox 1117 2849 1177 2920; x_wconf 88' lang='lat' dir='ltr'>Vl.</span> 
     </span>
    </p>

    <p class='ocr_par' dir='ltr' id='par_1_20' title="bbox 57 2948 266 3041">
     <span class='ocr_line' id='line_1_27' title="bbox 57 2948 266 3041; baseline -0.005 -22"><span class='ocrx_word' id='word_1_230' title='bbox 57 2951 165 3041; x_wconf 90' lang='lat' dir='ltr'>capite</span> <span class='ocrx_word' id='word_1_231' title='bbox 181 2948 266 3018; x_wconf 83' lang='lat' dir='ltr'>xviii</span> 
     </span>
    </p>
   </div>
   <div class='ocr_carea' id='block_1_3' title="bbox 54 3126 1179 3800">
    <p class='ocr_par' dir='ltr' id='par_1_21' title="bbox 54 3126 1179 3800">
     <span class='ocr_line' id='line_1_28' title="bbox 55 3126 1178 3190; baseline -0.003 -8"><span class='ocrx_word' id='word_1_232' title='bbox 55 3133 180 3182; x_wconf 78' lang='lat' dir='ltr'>Alfenam</span> <span class='ocrx_word' id='word_1_233' title='bbox 205 3133 302 3188; x_wconf 84' lang='lat' dir='ltr'>Castus,</span> <span class='ocrx_word' id='word_1_234' title='bbox 333 3126 445 3176; x_wconf 87' lang='lat' dir='ltr'>Sanctius</span> <span class='ocrx_word' id='word_1_235' title='bbox 471 3126 592 3185; x_wconf 81' lang='lat' dir='ltr'>castellae,</span> <span class='ocrx_word' id='word_1_236' title='bbox 645 3147 695 3178; x_wconf 77' lang='grc' dir='ltr'>που</span> <span class='ocrx_word' id='word_1_237' title='bbox 705 3130 786 3190; x_wconf 78' lang='grc' dir='ltr'><strong><em>ἀσεβῆ</em></strong></span> <span class='ocrx_word' id='word_1_238' title='bbox 797 3131 838 3178; x_wconf 77' lang='grc' dir='ltr'>καὶ</span> <span class='ocrx_word' id='word_1_239' title='bbox 847 3130 967 3189; x_wconf 74' lang='grc' dir='ltr'>πονηρόν.</span> <span class='ocrx_word' id='word_1_240' title='bbox 984 3131 1117 3178; x_wconf 80' lang='lat' dir='ltr'>accusabat</span> <span class='ocrx_word' id='word_1_241' title='bbox 1126 3145 1178 3179; x_wconf 80' lang='lat' dir='ltr'>ecta</span> 
     </span>
     <span class='ocr_line' id='line_1_29' title="bbox 54 3203 1179 3268; baseline -0.01 -10"><span class='ocrx_word' id='word_1_242' title='bbox 54 3209 228 3258; x_wconf 75' lang='lat' dir='ltr'>Fcrdiuandus</span> <span class='ocrx_word' id='word_1_243' title='bbox 246 3205 392 3268; x_wconf 82' lang='lat' dir='ltr'>cognomine</span> <span class='ocrx_word' id='word_1_244' title='bbox 408 3203 525 3249; x_wconf 89' lang='lat' dir='ltr'>Sanctus:</span> <span class='ocrx_word' id='word_1_245' title='bbox 545 3203 593 3249; x_wconf 88' lang='lat' dir='ltr'>Pe·</span> <span class='ocrx_word' id='word_1_246' title='bbox 646 3207 766 3252; x_wconf 79' lang='lat' dir='ltr'>societatis</span> <span class='ocrx_word' id='word_1_247' title='bbox 781 3207 845 3251; x_wconf 76' lang='lat' dir='ltr'>inite</span> <span class='ocrx_word' id='word_1_248' title='bbox 856 3219 908 3251; x_wconf 84' lang='lat' dir='ltr'>cum</span> <span class='ocrx_word' id='word_1_249' title='bbox 918 3204 1017 3251; x_wconf 78' lang='lat' dir='ltr'>Achcbo</span> <span class='ocrx_word' id='word_1_250' title='bbox 1032 3205 1124 3252; x_wconf 74' lang='lat' dir='ltr'>domine</span> <span class='ocrx_word' id='word_1_251' title='bbox 1133 3206 1179 3252; x_wconf 79' lang='lat' dir='ltr'>tm.</span> 
     </span>
     <span class='ocr_line' id='line_1_30' title="bbox 55 3277 1177 3346; baseline -0.004 -13"><span class='ocrx_word' id='word_1_252' title='bbox 55 3290 113 3332; x_wconf 84' lang='lat' dir='ltr'>trus</span> <span class='ocrx_word' id='word_1_253' title='bbox 129 3283 244 3346; x_wconf 77' lang='lat' dir='ltr'>Legionis</span> <span class='ocrx_word' id='word_1_254' title='bbox 262 3295 322 3328; x_wconf 82' lang='lat' dir='ltr'>rex:</span> <span class='ocrx_word' id='word_1_255' title='bbox 343 3279 462 3327; x_wconf 82' lang='lat' dir='ltr'>Alsonsus</span> <span class='ocrx_word' id='word_1_256' title='bbox 480 3277 594 3324; x_wconf 81' lang='lat' dir='ltr'>Castellae</span> <span class='ocrx_word' id='word_1_257' title='bbox 643 3280 687 3338; x_wconf 85' lang='lat' dir='ltr'>pio</span> <span class='ocrx_word' id='word_1_258' title='bbox 704 3294 735 3326; x_wconf 88' lang='lat' dir='ltr'>ac</span> <span class='ocrx_word' id='word_1_259' title='bbox 749 3279 872 3325; x_wconf 83' lang='lat' dir='ltr'>scelerato.</span> <span class='ocrx_word' id='word_1_260' title='bbox 903 3277 998 3339; x_wconf 78' lang='lat' dir='ltr'>(Antip.</span> <span class='ocrx_word' id='word_1_261' title='bbox 1015 3279 1136 3328; x_wconf 80' lang='lat' dir='ltr'>ch.1x.</span> <span class='ocrx_word' id='word_1_262' title='bbox 1153 3283 1177 3328; x_wconf 90' lang='lat'>1.</span> 
     </span>
     <span class='ocr_line' id='line_1_31' title="bbox 55 3352 905 3420; baseline -0.013 -12"><span class='ocrx_word' id='word_1_263' title='bbox 55 3375 102 3408; x_wconf 84' lang='lat' dir='ltr'>rex</span> <span class='ocrx_word' id='word_1_264' title='bbox 119 3359 336 3420; x_wconf 59' lang='lat' dir='ltr'>prudentissimum</span> <span class='ocrx_word' id='word_1_265' title='bbox 352 3367 406 3401; x_wconf 89' lang='lat' dir='ltr'>cum</span> <span class='ocrx_word' id='word_1_266' title='bbox 423 3353 532 3399; x_wconf 83' lang='lat' dir='ltr'>Tartaris</span> <span class='ocrx_word' id='word_1_267' title='bbox 542 3352 595 3397; x_wconf 87' lang='lat' dir='ltr'>Ro·</span> <span class='ocrx_word' id='word_1_268' title='bbox 647 3353 695 3414; x_wconf 79' lang='lat' dir='ltr'>§L</span> <span class='ocrx_word' id='word_1_269' title='bbox 728 3354 796 3400; x_wconf 81' lang='lat' dir='ltr'>Edit.</span> <span class='ocrx_word' id='word_1_270' title='bbox 808 3352 905 3412; x_wconf 83' lang='lat' dir='ltr'>Huds.)</span> 
     </span>
     <span class='ocr_line' id='line_1_32' title="bbox 55 3427 1178 3495; baseline -0.005 -13"><span class='ocrx_word' id='word_1_271' title='bbox 55 3434 165 3495; x_wconf 82' lang='lat' dir='ltr'>delphus</span> <span class='ocrx_word' id='word_1_272' title='bbox 171 3431 376 3494; x_wconf 81' lang='lat' dir='ltr'>Hahspurgensis.</span> <span class='ocrx_word' id='word_1_273' title='bbox 395 3427 593 3477; x_wconf 76' lang='lat' dir='ltr'>Adidohannem</span> <span class='ocrx_word' id='word_1_274' title='bbox 693 3437 706 3472; x_wconf 77' lang='lat' dir='ltr'>t</span> <span class='ocrx_word' id='word_1_275' title='bbox 719 3429 768 3488; x_wconf 77' lang='lat' dir='ltr'>Qua·</span> <span class='ocrx_word' id='word_1_276' title='bbox 779 3428 858 3475; x_wconf 83' lang='lat' dir='ltr'>Deum</span> <span class='ocrx_word' id='word_1_277' title='bbox 867 3428 976 3488; x_wconf 82' lang='lat' dir='ltr'>oderunt]</span> <span class='ocrx_word' id='word_1_278' title='bbox 988 3428 1120 3478; x_wconf 81' lang='lat' dir='ltr'>Gratianus</span> <span class='ocrx_word' id='word_1_279' title='bbox 1126 3430 1178 3480; x_wconf 81' lang='lat' dir='ltr'>Va·</span> 
     </span>
     <span class='ocr_line' id='line_1_33' title="bbox 55 3504 1178 3572; baseline -0.011 -12"><span class='ocrx_word' id='word_1_280' title='bbox 55 3515 89 3562; x_wconf 84' lang='lat' dir='ltr'>dc</span> <span class='ocrx_word' id='word_1_281' title='bbox 106 3511 259 3572; x_wconf 74' lang='lat' dir='ltr'>Carthagine</span> <span class='ocrx_word' id='word_1_282' title='bbox 274 3511 337 3555; x_wconf 88' lang='lat' dir='ltr'>libro</span> <span class='ocrx_word' id='word_1_283' title='bbox 353 3520 394 3554; x_wconf 88' lang='grc' dir='ltr'>ιιι.</span> <span class='ocrx_word' id='word_1_284' title='bbox 412 3505 515 3552; x_wconf 65' lang='lat' dir='ltr'>cetura</span> <span class='ocrx_word' id='word_1_285' title='bbox 528 3504 594 3551; x_wconf 80' lang='lat' dir='ltr'>Belli</span> <span class='ocrx_word' id='word_1_286' title='bbox 645 3506 705 3553; x_wconf 84' lang='lat' dir='ltr'>lenti</span> <span class='ocrx_word' id='word_1_287' title='bbox 723 3511 811 3566; x_wconf 88' lang='lat' dir='ltr'>patruo</span> <span class='ocrx_word' id='word_1_288' title='bbox 826 3511 912 3551; x_wconf 86' lang='lat' dir='ltr'>contra</span> <span class='ocrx_word' id='word_1_289' title='bbox 928 3505 1028 3565; x_wconf 77' lang='lat' dir='ltr'>Scythas</span> <span class='ocrx_word' id='word_1_290' title='bbox 1044 3520 1115 3566; x_wconf 79' lang='lat' dir='ltr'>opem</span> <span class='ocrx_word' id='word_1_291' title='bbox 1132 3522 1178 3569; x_wconf 74' lang='lat' dir='ltr'>po.</span> 
     </span>
     <span class='ocr_line' id='line_1_34' title="bbox 55 3578 1177 3647; baseline -0.01 -11"><span class='ocrx_word' id='word_1_292' title='bbox 55 3587 335 3647; x_wconf 77' lang='lat' dir='ltr'>RomaiPoatt&#39;ficisc.</span> <span class='ocrx_word' id='word_1_293' title='bbox 347 3587 369 3630; x_wconf 87' lang='lat'>1.</span> <span class='ocrx_word' id='word_1_294' title='bbox 385 3581 467 3629; x_wconf 78' lang='lat' dir='ltr'>Julius</span> <span class='ocrx_word' id='word_1_295' title='bbox 477 3581 511 3626; x_wconf 88' lang='lat' dir='ltr'>Il.</span> <span class='ocrx_word' id='word_1_296' title='bbox 527 3580 594 3626; x_wconf 90' lang='lat' dir='ltr'>Pon·</span> <span class='ocrx_word' id='word_1_297' title='bbox 645 3581 708 3627; x_wconf 86' lang='lat' dir='ltr'>tenti</span> <span class='ocrx_word' id='word_1_298' title='bbox 723 3579 828 3640; x_wconf 84' lang='lat' dir='ltr'>scripsit,</span> <span class='ocrx_word' id='word_1_299' title='bbox 844 3578 876 3624; x_wconf 78' lang='lat' dir='ltr'>oia</span> <span class='ocrx_word' id='word_1_300' title='bbox 889 3580 917 3625; x_wconf 81' lang='grc' dir='ltr'>οὐ</span> <span class='ocrx_word' id='word_1_301' title='bbox 932 3579 971 3624; x_wconf 75' lang='grc' dir='ltr'>δεῖ</span> <span class='ocrx_word' id='word_1_302' title='bbox 981 3581 1020 3639; x_wconf 73' lang='grc' dir='ltr'>τῷ</span> <span class='ocrx_word' id='word_1_303' title='bbox 1034 3579 1117 3642; x_wconf 68' lang='grc' dir='ltr'><strong>ἐχθρῷ</strong></span> <span class='ocrx_word' id='word_1_304' title='bbox 1130 3583 1177 3629; x_wconf 70' lang='grc' dir='ltr'>τοῦ</span> 
     </span>
     <span class='ocr_line' id='line_1_35' title="bbox 55 3653 1178 3714; baseline -0.005 -2"><span class='ocrx_word' id='word_1_305' title='bbox 55 3665 121 3712; x_wconf 77' lang='lat' dir='ltr'>tifex</span> <span class='ocrx_word' id='word_1_306' title='bbox 132 3663 218 3710; x_wconf 76' lang='lat' dir='ltr'>&#39;furcis</span> <span class='ocrx_word' id='word_1_307' title='bbox 227 3677 294 3710; x_wconf 85' lang='lat' dir='ltr'>usus.</span> <span class='ocrx_word' id='word_1_308' title='bbox 646 3657 709 3702; x_wconf 75' lang='grc' dir='ltr'>θεοῦ</span> <span class='ocrx_word' id='word_1_309' title='bbox 727 3659 878 3714; x_wconf 76' lang='grc' dir='ltr'><strong><em>συμμαχεῖν·</em></strong></span> <span class='ocrx_word' id='word_1_310' title='bbox 891 3653 938 3713; x_wconf 84' lang='lat' dir='ltr'>scs</span> <span class='ocrx_word' id='word_1_311' title='bbox 952 3668 997 3699; x_wconf 83' lang='lat' dir='ltr'>non</span> <span class='ocrx_word' id='word_1_312' title='bbox 1011 3669 1060 3701; x_wconf 82' lang='lat' dir='ltr'>esse</span> <span class='ocrx_word' id='word_1_313' title='bbox 1073 3659 1178 3706; x_wconf 77' lang='lat' dir='ltr'>socialia</span> 
     </span>
     <span class='ocr_line' id='line_1_36' title="bbox 101 3729 1175 3800; baseline -0.005 -13"><span class='ocrx_word' id='word_1_314' title='bbox 101 3748 116 3773; x_wconf 82' lang='lat'><em>⁰</em></span> <span class='ocrx_word' id='word_1_315' title='bbox 131 3738 175 3787; x_wconf 74' lang='lat' dir='ltr'>Aa</span> <span class='ocrx_word' id='word_1_316' title='bbox 183 3737 356 3800; x_wconf 80' lang='lat' dir='ltr'>Josapltctstm]</span> <span class='ocrx_word' id='word_1_317' title='bbox 371 3737 509 3800; x_wconf 79' lang='lat' dir='ltr'>Josaphns:</span> <span class='ocrx_word' id='word_1_318' title='bbox 518 3737 595 3792; x_wconf 75' lang='grc' dir='ltr'>ιῐτιᾱ-</span> <span class='ocrx_word' id='word_1_319' title='bbox 646 3746 716 3778; x_wconf 80' lang='lat' dir='ltr'>araca</span> <span class='ocrx_word' id='word_1_320' title='bbox 724 3731 826 3791; x_wconf 74' lang='lat' dir='ltr'>jrtnpere</span> <span class='ocrx_word' id='word_1_321' title='bbox 840 3743 928 3775; x_wconf 83' lang='lat' dir='ltr'>cumea</span> <span class='ocrx_word' id='word_1_322' title='bbox 938 3729 981 3791; x_wconf 80' lang='lat' dir='ltr'>qui</span> <span class='ocrx_word' id='word_1_323' title='bbox 991 3730 1041 3777; x_wconf 80' lang='lat' dir='ltr'>Dei</span> <span class='ocrx_word' id='word_1_324' title='bbox 1049 3733 1081 3779; x_wconf 76' lang='lat' dir='ltr'>sit</span> <span class='ocrx_word' id='word_1_325' title='bbox 1093 3733 1175 3781; x_wconf 77' lang='lat' dir='ltr'>hostia</span> 
     </span>
    </p>
   </div>
   <div class='ocr_carea' id='block_1_4' title="bbox 54 3805 1036 3878">
    <p class='ocr_par' dir='ltr' id='par_1_22' title="bbox 54 3805 1036 3878">
     <span class='ocr_line' id='line_1_37' title="bbox 54 3805 1036 3878; baseline -0.013 -13"><span class='ocrx_word' id='word_1_326' title='bbox 54 3815 148 3873; x_wconf 73' lang='grc' dir='ltr'>τοτιὶν</span> <span class='ocrx_word' id='word_1_327' title='bbox 155 3815 337 3878; x_wconf 68' lang='grc' dir='ltr'>πρόιἎχαβον</span> <span class='ocrx_word' id='word_1_328' title='bbox 344 3816 489 3877; x_wconf 74' lang='grc' dir='ltr'>συμμαχίας</span> <span class='ocrx_word' id='word_1_329' title='bbox 500 3812 594 3871; x_wconf 81' lang='grc' dir='ltr'>ἆνθριο-</span> <span class='ocrx_word' id='word_1_330' title='bbox 646 3808 753 3855; x_wconf 76' lang='lat' dir='ltr'>Zonaras</span> <span class='ocrx_word' id='word_1_331' title='bbox 764 3806 831 3868; x_wconf 84' lang='lat' dir='ltr'>(Lib.</span> <span class='ocrx_word' id='word_1_332' title='bbox 844 3805 1036 3866; x_wconf 79' lang='lat' dir='ltr'>xttt.cap.17.)</span> 
     </span>
    </p>
   </div>
   <div class='ocr_carea' id='block_1_5' title="bbox 15 4057 1178 4488">
    <p class='ocr_par' dir='ltr' id='par_1_23' title="bbox 15 4057 1178 4488">
     <span class='ocr_line' id='line_1_38' title="bbox 118 4057 1178 4143; baseline -0.011 -16"><span class='ocrx_word' id='word_1_333' title='bbox 118 4069 137 4127; x_wconf 87' lang='grc'><strong>7</strong></span> <span class='ocrx_word' id='word_1_334' title='bbox 165 4067 197 4123; x_wconf 79' lang='lat' dir='ltr'>Is</span> <span class='ocrx_word' id='word_1_335' title='bbox 215 4085 271 4141; x_wconf 86' lang='lat' dir='ltr'>any</span> <span class='ocrx_word' id='word_1_336' title='bbox 287 4067 371 4141; x_wconf 84' lang='lat' dir='ltr'>kings</span> <span class='ocrx_word' id='word_1_337' title='bbox 399 4087 433 4126; x_wconf 91' lang='lat' dir='ltr'>or</span> <span class='ocrx_word' id='word_1_338' title='bbox 452 4068 570 4143; x_wconf 87' lang='lat' dir='ltr'>peoplcs</span> <span class='ocrx_word' id='word_1_339' title='bbox 588 4080 662 4121; x_wconf 80' lang='lat' dir='ltr'>wore</span> <span class='ocrx_word' id='word_1_340' title='bbox 680 4063 859 4119; x_wconf 87' lang='lat' dir='ltr'>condemned</span> <span class='ocrx_word' id='word_1_341' title='bbox 880 4068 911 4119; x_wconf 93' lang='grc' dir='ltr'>ιο</span> <span class='ocrx_word' id='word_1_342' title='bbox 941 4057 1117 4116; x_wconf 82' lang='lat' dir='ltr'>destruction</span> <span class='ocrx_word' id='word_1_343' title='bbox 1136 4057 1178 4131; x_wconf 76' lang='lat' dir='ltr'>hy</span> 
     </span>
     <span class='ocr_line' id='line_1_39' title="bbox 56 4144 1178 4223; baseline -0.012 -11"><span class='ocrx_word' id='word_1_344' title='bbox 56 4155 135 4220; x_wconf 75' lang='lat' dir='ltr'>(lod,</span> <span class='ocrx_word' id='word_1_345' title='bbox 150 4154 295 4209; x_wconf 90' lang='lat' dir='ltr'>doubtlcss</span> <span class='ocrx_word' id='word_1_346' title='bbox 310 4155 333 4210; x_wconf 90' lang='lat' dir='ltr'>it</span> <span class='ocrx_word' id='word_1_347' title='bbox 348 4173 404 4211; x_wconf 87' lang='lat' dir='ltr'>was</span> <span class='ocrx_word' id='word_1_348' title='bbox 419 4156 489 4211; x_wconf 89' lang='lat' dir='ltr'>then</span> <span class='ocrx_word' id='word_1_349' title='bbox 505 4152 640 4209; x_wconf 72' lang='lat' dir='ltr'>unlawr‘ul</span> <span class='ocrx_word' id='word_1_350' title='bbox 655 4158 686 4206; x_wconf 90' lang='lat' dir='ltr'>to</span> <span class='ocrx_word' id='word_1_351' title='bbox 704 4156 817 4223; x_wconf 88' lang='lat' dir='ltr'>protect</span> <span class='ocrx_word' id='word_1_352' title='bbox 831 4150 910 4205; x_wconf 87' lang='lat' dir='ltr'>thom</span> <span class='ocrx_word' id='word_1_353' title='bbox 932 4166 966 4205; x_wconf 86' lang='lat' dir='ltr'>or</span> <span class='ocrx_word' id='word_1_354' title='bbox 986 4153 1017 4202; x_wconf 90' lang='lat' dir='ltr'>to</span> <span class='ocrx_word' id='word_1_355' title='bbox 1032 4146 1094 4216; x_wconf 88' lang='lat' dir='ltr'>join</span> <span class='ocrx_word' id='word_1_356' title='bbox 1108 4144 1178 4200; x_wconf 80' lang='lat' dir='ltr'>with</span> 
     </span>
     <span class='ocr_line' id='line_1_40' title="bbox 55 4231 1177 4310; baseline -0.011 -12"><span class='ocrx_word' id='word_1_357' title='bbox 55 4243 150 4298; x_wconf 86' lang='lat' dir='ltr'>them.</span> <span class='ocrx_word' id='word_1_358' title='bbox 197 4241 236 4296; x_wconf 87' lang='lat' dir='ltr'>So</span> <span class='ocrx_word' id='word_1_359' title='bbox 257 4241 396 4296; x_wconf 69' lang='lat' dir='ltr'>tclrron.</span> <span class='ocrx_word' id='word_1_360' title='bbox 409 4243 463 4296; x_wconf 83' lang='lat' dir='ltr'>xix.</span> <span class='ocrx_word' id='word_1_361' title='bbox 485 4247 511 4306; x_wconf 85' lang='lat'>2,</span> <span class='ocrx_word' id='word_1_362' title='bbox 533 4240 609 4296; x_wconf 89' lang='lat' dir='ltr'>Jchu</span> <span class='ocrx_word' id='word_1_363' title='bbox 627 4238 677 4294; x_wconf 93' lang='lat' dir='ltr'>thc</span> <span class='ocrx_word' id='word_1_364' title='bbox 695 4236 819 4310; x_wconf 85' lang='lat' dir='ltr'>prophet</span> <span class='ocrx_word' id='word_1_365' title='bbox 836 4254 900 4309; x_wconf 69' lang='lat' dir='ltr'>says</span> <span class='ocrx_word' id='word_1_366' title='bbox 918 4241 949 4290; x_wconf 93' lang='lat' dir='ltr'>to</span> <span class='ocrx_word' id='word_1_367' title='bbox 970 4231 1177 4304; x_wconf 85' lang='lat' dir='ltr'>Jchoshaphat,</span> 
     </span>
     <span class='ocr_line' id='line_1_41' title="bbox 55 4318 1174 4400; baseline -0.01 -13"><span class='ocrx_word' id='word_1_368' title='bbox 55 4328 201 4388; x_wconf 78' lang='lat' dir='ltr'>Shoaldsat</span> <span class='ocrx_word' id='word_1_369' title='bbox 216 4328 280 4382; x_wconf 78' lang='lat' dir='ltr'>thau</span> <span class='ocrx_word' id='word_1_370' title='bbox 294 4329 355 4400; x_wconf 80' lang='lat' dir='ltr'>help</span> <span class='ocrx_word' id='word_1_371' title='bbox 370 4331 412 4385; x_wconf 77' lang='lat' dir='ltr'>tta</span> <span class='ocrx_word' id='word_1_372' title='bbox 429 4329 558 4399; x_wconf 75' lang='lat' dir='ltr'>accpodlp,</span> <span class='ocrx_word' id='word_1_373' title='bbox 570 4326 640 4393; x_wconf 61' lang='lat' dir='ltr'>&amp;at</span> <span class='ocrx_word' id='word_1_374' title='bbox 667 4326 706 4380; x_wconf 85' lang='lat' dir='ltr'>So</span> <span class='ocrx_word' id='word_1_375' title='bbox 721 4331 738 4378; x_wconf 79' lang='lat'>2</span> <span class='ocrx_word' id='word_1_376' title='bbox 754 4324 859 4379; x_wconf 76' lang='lat' dir='ltr'>chron.</span> <span class='ocrx_word' id='word_1_377' title='bbox 873 4339 935 4379; x_wconf 81' lang='lat' dir='ltr'>m.</span> <span class='ocrx_word' id='word_1_378' title='bbox 953 4327 969 4379; x_wconf 83' lang='lat'><strong>7</strong></span> <span class='ocrx_word' id='word_1_379' title='bbox 984 4327 1016 4376; x_wconf 90' lang='lat' dir='ltr'>to</span> <span class='ocrx_word' id='word_1_380' title='bbox 1030 4318 1174 4376; x_wconf 79' lang='lat' dir='ltr'>Amaziah.</span> 
     </span>
     <span class='ocr_line' id='line_1_42' title="bbox 15 4406 1177 4488; baseline -0.007 -15"><span class='ocrx_word' id='word_1_381' title='bbox 15 4474 19 4478; x_wconf 14' lang='grc' dir='ltr'><strong>Α</strong></span> <span class='ocrx_word' id='word_1_382' title='bbox 52 4418 116 4476; x_wconf 85' lang='grc' dir='ltr'>Βιιι</span> <span class='ocrx_word' id='word_1_383' title='bbox 135 4413 192 4470; x_wconf 87' lang='lat' dir='ltr'>this</span> <span class='ocrx_word' id='word_1_384' title='bbox 216 4431 272 4469; x_wconf 80' lang='lat' dir='ltr'>was</span> <span class='ocrx_word' id='word_1_385' title='bbox 291 4431 329 4470; x_wconf 92' lang='lat' dir='ltr'>on</span> <span class='ocrx_word' id='word_1_386' title='bbox 346 4422 469 4470; x_wconf 91' lang='lat' dir='ltr'>account</span> <span class='ocrx_word' id='word_1_387' title='bbox 487 4415 521 4470; x_wconf 83' lang='lat' dir='ltr'>of</span> <span class='ocrx_word' id='word_1_388' title='bbox 537 4412 669 4488; x_wconf 84' lang='lat' dir='ltr'>porsonal</span> <span class='ocrx_word' id='word_1_389' title='bbox 688 4411 919 4474; x_wconf 80' lang='lat' dir='ltr'>consideratione,</span> <span class='ocrx_word' id='word_1_390' title='bbox 936 4415 988 4464; x_wconf 90' lang='lat' dir='ltr'>uot</span> <span class='ocrx_word' id='word_1_391' title='bbox 1005 4406 1056 4463; x_wconf 89' lang='lat' dir='ltr'>the</span> <span class='ocrx_word' id='word_1_392' title='bbox 1073 4412 1177 4465; x_wconf 82' lang='lat' dir='ltr'>nature</span> 
     </span>
    </p>
   </div>
   <div class='ocr_carea' id='block_1_6' title="bbox 52 4490 1037 4599">
    <p class='ocr_par' dir='ltr' id='par_1_24' title="bbox 52 4490 1037 4599">
     <span class='ocr_line' id='line_1_43' title="bbox 52 4490 1037 4599; baseline -0.011 -35"><span class='ocrx_word' id='word_1_393' title='bbox 52 4504 90 4564; x_wconf 78' lang='lat' dir='ltr'>ot</span> <span class='ocrx_word' id='word_1_394' title='bbox 100 4503 153 4562; x_wconf 85' lang='lat' dir='ltr'>the</span> <span class='ocrx_word' id='word_1_395' title='bbox 166 4508 271 4578; x_wconf 78' lang='lat' dir='ltr'>treaty,</span> <span class='ocrx_word' id='word_1_396' title='bbox 282 4519 314 4560; x_wconf 91' lang='lat' dir='ltr'>as</span> <span class='ocrx_word' id='word_1_397' title='bbox 328 4519 451 4578; x_wconf 86' lang='lat' dir='ltr'>appears</span> <span class='ocrx_word' id='word_1_398' title='bbox 466 4503 505 4578; x_wconf 74' lang='lat' dir='ltr'>by</span> <span class='ocrx_word' id='word_1_399' title='bbox 519 4502 569 4559; x_wconf 91' lang='lat' dir='ltr'>thc</span> <span class='ocrx_word' id='word_1_400' title='bbox 582 4502 817 4559; x_wconf 83' lang='lat' dir='ltr'>circumstances:</span> <span class='ocrx_word' id='word_1_401' title='bbox 836 4495 940 4569; x_wconf 82' lang='lat' dir='ltr'>[which</span> <span class='ocrx_word' id='word_1_402' title='bbox 954 4490 1037 4599; x_wconf 71' lang='lat' dir='ltr'>acal</span> 
     </span>
    </p>
   </div>
   <div class='ocr_carea' id='block_1_7' title="bbox 0 0 1422 4920">
    <p class='ocr_par' dir='ltr' id='par_1_25' title="bbox 0 0 1422 4920">
     <span class='ocr_line' id='line_1_44' title="bbox 0 0 1422 4920; baseline 0 0"><span class='ocrx_word' id='word_1_403' title='bbox 0 0 1422 4920; x_wconf 95' lang='lat' dir='ltr'> </span> 
     </span>
    </p>
   </div>
  </div>
 </body>
</html>
