2828 4920
245 252 311 319 tid
697 257 750 314 1>ss
772 255 912 315 POEXIS.
1077 262 1082 269 '
1237 247 1312 326 [lna
1323 254 1356 311 11.

245 450 301 497 eos
317 425 392 517 'qui
413 425 582 493 humanam
606 446 731 492 carnem
755 423 934 514 epulantur,
953 428 994 490 xa
1013 444 1077 511 quo
1098 441 1192 487 moro
1211 419 1356 488 abshmrs

247 528 354 598 Gallos
372 535 494 594 ueteres
512 526 665 592 Hercules
681 525 793 616 coligit,
815 534 966 593 narrante
982 522 1145 591 ⁸Diodoro
1154 544 1165 600 ς
1188 520 1224 588 in
1241 521 1356 608 eosqui

81 646 232 735 gemus
244 627 409 720 piraticam
426 636 584 694 exercent.
629 627 765 693 Seneca:
792 629 825 695 si
846 650 909 693 non
925 628 1084 714 patriam
1103 646 1215 691 means
1238 625 1356 711 impup·

105 724 110 735 ’
244 744 316 808 nat,
338 731 479 798 scelerae
494 731 611 815 prauis
627 740 684 803 est,
709 741 739 794 et
755 730 914 816 sepositus
931 751 954 794 a
977 750 1047 794 nsea
1063 737 1160 814 gente
1175 747 1277 793 marn
1292 747 1357 790 era

243 833 342 918 gitat,
375 830 520 896 abscidit
553 829 767 895 nihilominus
800 829 896 895 illuns
928 840 1026 894 tanta
1053 827 1219 914 pravitas
1250 827 1356 893 animi

80 941 233 1037 &aab
247 928 461 1020 Augustinus:
487 932 666 1017 opinantur
691 930 815 996 scelera
829 931 997 1016 facienda
1019 928 1163 1004 decerni,
1190 927 1313 1014 qualia
1333 927 1358 993 si

246 1031 365 1119 aliqua
391 1041 522 1095 terrena
541 1033 662 1097 ciuitas
684 1032 876 1108 decerneret,
899 1030 1142 1104 decreuissetve,
1166 1048 1287 1114 genere
1310 1029 1359 1097 ha·

245 1153 344 1198 mano
360 1132 545 1197 decernente
552 1133 674 1216 suerat
691 1134 872 1197 evertenda.
908 1130 960 1195 De
976 1126 1093 1194 talibus
1109 1124 1197 1192 enim
1211 1125 1359 1203 barbaris,

245 1240 279 1299 et
306 1229 382 1297 ieris
411 1228 512 1318 magis
537 1252 631 1317 quam
662 1230 847 1307 hominibus,
874 1229 935 1296 diei
962 1236 1050 1294 recte
1077 1232 1186 1316 potest
1216 1224 1305 1313 quod
1327 1224 1360 1292 de

244 1331 361 1409 Persis,
378 1328 433 1419 qui
454 1329 574 1397 Groecis
591 1330 687 1397 nihilo
700 1329 872 1397 deteriores
889 1338 990 1406 erant,
1007 1347 1159 1417 perverse
1175 1325 1264 1394 dixit
1283 1325 1361 1392 Aris-

244 1430 367 1512 toteles,
391 1430 535 1498 naturale
559 1431 591 1497 iu
609 1453 663 1497 eos
688 1453 756 1498 esse
773 1431 909 1509 beilum;
933 1440 967 1498 et
982 1427 1067 1519 quod
1083 1427 1250 1495 Isocrates
1268 1427 1362 1493 Pana·

244 1530 389 1600 thenaioo
412 1530 501 1608 dixit,
519 1530 816 1618 justissimumesse
838 1531 954 1599 bellum
975 1530 1009 1597 in
1030 1526 1362 1618 bessum„proxiuum

244 1632 279 1699 in
295 1632 437 1703 homines
453 1630 583 1698 ⁹belluis
599 1632 724 1699 similes.

243 1821 376 1868 marom.
396 1808 470 1856 Trist.
486 1807 557 1868 Eieg.
569 1821 604 1854 rr.
618 1807 777 1864 vermittit.
826 1807 938 1869 hoeipso
947 1804 1231 1869 eapitedicentnrgt'i.
1262 1804 1374 1854 Sirium

244 1885 405 1943 hormie,
424 1884 485 1932 Issi.
498 1883 558 1931 Dia.
574 1885 627 1931 Lib.
641 1897 659 1933 r.
674 1899 729 1946 cap.
739 1887 777 1935 21.
828 1883 934 1930 &ianus
949 1881 1098 1943 principibus
1113 1881 1278 1942 Abasgorum
1293 1879 1362 1928 edixit

243 1959 316 2010 m.
828 1960 1118 2020 resubditornmpueroe
1127 1962 1277 2005 emement.
1307 1957 1362 2004 Pro·

290 2043 303 2070 ¹
319 2034 369 2097 Qui
386 2033 513 2080 humanam
529 2048 624 2082 carnem
637 2033 777 2097 epulantur]
828 2036 913 2095 copias
932 2034 1042 2082 meminit
1065 2032 1240 2082 Gottiieorrsee
1254 2047 1291 2082 rr.
1314 2034 1362 2093 (sen

243 2112 300 2161 Hoc
315 2124 412 2172 quoque
428 2109 529 2170 Scythae
545 2109 687 2157 Alexander
702 2110 776 2157 dedo·
829 2110 893 2158 litet
916 2109 989 2157 Mire.
1009 2124 1063 2171 cap.
1073 2110 1099 2171 3)
1115 2115 1142 2158 et
1159 2110 1274 2157 Zonaras
1289 2109 1362 2157 leone

244 2188 303 2237 suta
334 2185 621 2248 [viseliacensem]
829 2186 925 2235 Isaura.
955 2186 989 2233 Et
1005 2185 1096 2242 lnchm,
1111 2185 1138 2232 in
1155 2185 1275 2233 Permane
1287 2199 1361 2248 reges,

288 2269 302 2298 ¹
317 2262 342 2311 A
354 2276 475 2324 quanm
489 2261 604 2308 alentem
616 2260 703 2310 Gallos
718 2268 777 2310 rete·
829 2261 873 2324 [de
891 2261 979 2323 quibus
998 2261 1117 2308 ridendae
1139 2261 1276 2310 Garoiiase.
1296 2261 1362 2308 dele

243 2354 284 2388 res
303 2337 420 2386 Hercules
443 2335 529 2399 coegit]
550 2336 614 2383 Vide
634 2337 776 2398 Dionysium
828 2335 911 2398 Vega]
923 2336 1014 2383 ricinos
1025 2337 1138 2398 populos,
1153 2337 1200 2398 qui
1215 2337 1305 2385 moniti
1319 2351 1362 2384 non

244 2414 481 2463 Helleamssensem
500 2420 639 2458 armantem
661 2419 689 2458 nt
712 2413 776 2459 lier-
827 2416 951 2474 mutent,
966 2411 989 2458 ri
999 2412 1235 2472 coegeresbsiatere
1247 2413 1362 2460 somm-

243 2490 311 2539 cules
320 2491 384 2536 hunc
395 2503 485 2536 morem
496 2488 591 2548 aliaque
605 2488 681 2534 multa
691 2489 777 2535 abstu-
827 2488 867 2544 tls,
877 2501 893 2533 a
902 2486 1004 2533 marium
1014 2500 1070 2533 curu
1079 2487 1191 2535 maribus
1200 2488 1363 2545 cambita·

243 2566 308 2622 ierit,
323 2566 349 2611 in
360 2565 482 2612 benefimie
491 2563 540 2609 suis
552 2563 650 2610 Grmeos
660 2578 675 2608 a
689 2565 775 2609 barba·
828 2561 975 2609 comestione
984 2561 1119 2620 hominum,
1135 2563 1244 2625 aliisque
1255 2565 1281 2611 id
1290 2577 1362 2625 genus

243 2641 278 2689 rie
295 2655 344 2688 uon
359 2640 517 2701 distinguens.
547 2640 712 2686 Romanorum
728 2654 776 2687 noa
826 2639 983 2696 facineribus,
1002 2645 1077 2700 atque
1091 2654 1122 2688 eo
1141 2640 1220 2689 modo
1240 2642 1361 2704 Imperium

243 2717 339 2764 minora
348 2717 373 2762 in
385 2730 462 2777 genus
472 2716 602 2761 humanum
615 2716 701 2761 merita
714 2730 776 2774 prm·
827 2717 873 2763 eibi
884 2721 1001 2777 pararunt
1008 2715 1115 2762 omnium
1123 2730 1180 2776 quse
1190 2730 1297 2780 usquam
1307 2716 1363 2779 legl-

244 2792 311 2839 dieat
324 2791 417 2838 Plinius
428 2803 496 2836 xxx.
508 2793 531 2837 1.
560 2790 617 2837 alon
634 2794 696 2837 eatis
712 2793 777 2838 oerti-
828 2805 890 2847 mus,
913 2796 1028 2852 excerpta
1047 2791 1175 2854 religione,
1194 2793 1362 2853 Justleeimnm.

244 2868 309 2915 erari
318 2872 518 2928 potestqnantuns
528 2866 644 2913 Romanis
658 2868 778 2926 sistentur,
830 2865 986 2927 [Drosrsres
1004 2865 1264 2916 muneremunere
1286 2872 1362 2916 aurat

245 2944 289 3006 qui
298 2944 412 2990 menelae
417 2948 529 2999 mensim,
538 2942 562 2988 in
569 2943 653 3002 assibus
664 2943 778 2989 honinem
829 2943 949 3004 equidem,
965 2943 1094 2991 Herculem
1104 2943 1232 2991 veteribus
1240 2944 1321 2992 lentie
1329 2945 1362 2992 in·

245 3019 353 3067 occidere
379 3017 582 3079 religiosissimum
610 3022 671 3075 erat,
696 3019 778 3065 nsandi
830 3018 889 3064 coiis
907 3016 1062 3078 pessumiere,
1081 3022 1119 3075 ut,
1138 3019 1196 3068 loco
1214 3020 1362 3068 victimarum

245 3094 573 3144 meiansmatmtnnm.
592 3093 778 3156 conjungeqme
829 3095 996 3152 humanarum,
1010 3093 1101 3154 effigies
1111 3094 1233 3155 quasdam
1242 3095 1362 3144 hominnm

248 3348 337 3406 enred
348 3346 428 3404 them
438 3347 472 3403 ef
479 3347 536 3402 this
548 3347 708 3421 barbarity;
724 3350 833 3420 against
845 3348 926 3404 those
935 3348 998 3404 who
1009 3349 1061 3404 kill
1073 3356 1237 3423 strangam
1256 3352 1363 3426 against
1401 3416 1404 3421 ¹

248 3436 331 3493 those
349 3435 411 3490 who
425 3434 491 3490 seed
509 3451 547 3488 on
564 3433 671 3488 human
689 3437 768 3500 flesh,
785 3435 877 3490 which
894 3453 980 3508 usage
992 3437 1129 3494 Hercules
1141 3439 1309 3512 compellari
1319 3439 1363 3496 the

250 3523 339 3580 (lauis
351 3529 381 3578 to
393 3522 456 3593 gire
471 3538 519 3594 up,
530 3537 561 3575 as
575 3522 718 3576 Diodorus
731 3532 874 3577 narrares:
894 3523 951 3578 and
970 3524 1081 3596 against
1097 3524 1180 3580 those
1200 3526 1267 3583 who
1287 3543 1364 3600 prae·

248 3610 304 3666 tiso
327 3610 434 3682 piracy.
480 3609 590 3663 Seneca
604 3625 677 3679 says,
698 3609 761 3666 that
783 3611 881 3680 thouplr
900 3612 930 3666 he
949 3612 1009 3666 does
1031 3621 1079 3666 not
1097 3613 1133 3666 do
1156 3630 1215 3684 any
1238 3614 1324 3668 hana
1341 3623 1364 3668 to

249 3715 298 3768 my
314 3707 437 3768 country,
449 3705 494 3767 yet
507 3696 571 3750 sesols
590 3696 730 3766 aprutien
749 3706 805 3751 cuts
820 3698 875 3750 luins
892 3699 933 3768 off
943 3696 1030 3766 [frons
1042 3700 1084 3753 tle
1098 3699 1132 3753 tie
1143 3699 1181 3768 of
1191 3696 1362 3773 hamanitpk

250 3783 409 3856 Angustiae
425 3800 488 3855 says
506 3782 569 3838 that
586 3784 655 3836 llere
671 3801 719 3837 are
738 3784 826 3855 things
842 3785 929 3839 which
948 3787 981 3856 if
994 3803 1050 3855 arry
1065 3794 1132 3840 state
1146 3803 1183 3839 ou
1202 3789 1286 3841 earth
1304 3788 1364 3841 lare

252 3872 366 3935 decreed,
380 3889 413 3926 or
426 3871 522 3926 should
536 3871 630 3933 deorse,
646 3871 703 3924 that
718 3881 784 3925 state
798 3872 890 3926 would
904 3872 1009 3943 require
1026 3882 1053 3926 to
1068 3868 1285 3928 monasterorum
1301 3875 1335 3946 ly
1347 3890 1365 3927 a

251 3958 339 4013 deorse
353 3961 391 4028 os
399 3959 441 4012 the
454 3958 558 4011 hreurau
572 3974 641 4012 rare.
690 3957 731 4012 Oi
744 3957 813 4012 such
828 3958 1000 4023 barbarione,
1009 3958 1067 4013 and
1077 3958 1140 4012 wild
1152 3958 1261 4027 bessis,
1271 3960 1366 4016 rather

251 4043 323 4098 thau
340 4061 416 4106 men,
437 4061 479 4099 we
498 4061 563 4116 may
584 4061 634 4115 say
655 4043 730 4099 what
749 4045 886 4101 Aristides
906 4047 1067 4119 previously
1087 4045 1150 4100 said
1168 4045 1204 4101 oi
1224 4047 1280 4104 the
1300 4049 1366 4105 Per-

251 4130 336 4196 siaus,
356 4129 432 4198 (who
447 4146 521 4186 were
541 4130 630 4202 really
652 4147 690 4184 no
702 4148 790 4186 nomo
810 4132 879 4186 than
898 4133 947 4188 the
963 4130 1093 4200 Greeks)
1112 4132 1175 4188 that
1187 4150 1247 4189 war
1259 4136 1367 4208 against

191 4220 194 4226 '
251 4217 333 4273 them
355 4218 379 4272 is
404 4217 531 4281 naturai;
550 4217 607 4273 and
627 4217 703 4274 alsat
729 4219 867 4274 isocrates
894 4221 963 4283 said,
984 4221 1047 4275 that
1067 4237 1125 4274 aar
1145 4223 1261 4292 against
1286 4223 1368 4280 brute

250 4305 345 4362 heasts
357 4322 412 4361 aas
424 4312 498 4361 most
511 4301 580 4377 just,
598 4305 655 4360 and
670 4314 738 4362 next
757 4314 787 4362 to
802 4306 873 4373 that,
888 4325 945 4363 nar
963 4309 1073 4380 against
1090 4324 1157 4365 men
1168 4308 1233 4365 who
1245 4326 1300 4369 are
1314 4310 1369 4367 like

250 4392 356 4449 brutas.

305 4485 323 4535 4
351 4480 416 4538 And
430 4497 462 4538 so
481 4479 527 4537 iar
538 4497 580 4536 we
597 4480 693 4537 fullon
706 4481 755 4538 the
768 4483 885 4557 opinion
899 4482 932 4539 of
947 4482 1140 4549 Innocentius,
1156 4483 1215 4541 aad
1227 4484 1267 4543 oi
1275 4484 1371 4542 others
