2828 4920
78 239 144 296 Gar.
159 234 286 306 xxiv]
308 238 463 296 motura
485 240 538 295 DE
561 239 646 296 NON
668 241 827 296 TEMERE
849 236 980 304 ETIhbl,
1003 238 1086 294 Euo.
1126 229 1189 292 413

74 414 201 495 pertum
228 412 285 483 est,
310 403 416 470 statim
439 412 495 470 aut
522 413 668 492 oportere
693 406 808 472 bellum
836 405 957 493 suscipi,
984 413 1040 471 aut
1066 425 1190 491 semper

74 507 171 574 etiam
188 506 292 573 licere.
339 506 459 571 Contra
480 505 562 570 euim
585 507 699 583 euenit,
720 516 755 572 ut
778 507 961 593 plerumque
985 504 1084 594 magis
1104 503 1189 593 pium

72 617 259 693 rectumque
274 606 315 672 sit
336 604 376 671 do
394 605 468 692 jure
485 627 541 671 suo
564 606 685 671 cedere.
738 606 769 672 N
771 629 821 670 um
838 617 954 673 nostrre
973 629 1096 693 quoque
1114 604 1188 671 ritae
1202 625 1261 723 iffi
1266 627 1292 712 op
1296 627 1355 713 ¹14«ss

73 730 185 773 curam
207 707 337 773 honeste
362 705 474 784 deseri,
498 717 536 771 ut
555 706 686 770 alterius
703 715 735 772 et
757 708 830 772 vitre
853 715 885 772 et
906 706 998 772 saluti
1016 715 1186 794 perpetuae,
1199 723 1230 760 ³2

63 817 230 894 -quautum
248 806 282 872 in
299 806 387 873 nobis
410 815 468 883 est,
488 807 690 882 consulamus,
713 806 808 894 supra
825 829 881 872 suo
904 807 971 872 loeo
994 807 1186 874 dictumest.

71 907 216 975 Maxime
233 916 339 972 autem
357 906 543 972 Christianis
565 907 624 971 hoc
646 908 799 984 convenit,
819 908 872 994 qui
893 906 925 972 in
942 929 979 972 oo
1002 906 1188 994 perfectissi-

72 1031 163 1073 mum
179 1006 297 1074 Christi
319 1006 482 1074 imitantur
499 1006 684 1093 exemplum,
707 1007 760 1094 qui
778 1031 835 1095 pro
857 1008 945 1074 nobis
963 1008 1066 1073 adhuc
1086 1006 1188 1094 impiis
1285 1013 1288 1018 ’
1314 1014 1318 1020 “
1338 1014 1341 1018 ’

72 1117 110 1175 et
131 1107 252 1174 infestis
269 1107 348 1173 mori
368 1107 475 1185 voluit,
499 1109 589 1172 Rom.
608 1127 637 1173 v.
657 1110 688 1172 6.
736 1109 828 1186 Quod
852 1108 952 1195 ipsum
975 1107 1071 1172 multo
1092 1108 1188 1173 etiam

64 1208 178 1298 magis
200 1229 257 1274 nos
274 1207 401 1285 excita-t,
425 1229 466 1273 ne
482 1230 534 1273 res
557 1216 680 1273 nostras
697 1219 752 1274 aut
768 1208 855 1272 nobis
877 1208 998 1272 debitas
1019 1228 1188 1294 persequa-

67 1332 149 1375 mur
176 1331 246 1375 cum
270 1316 359 1375 tauto
384 1308 515 1375 eliorum
544 1306 747 1386 incommodo,
778 1317 929 1395 quantum
952 1329 1056 1373 secum
1081 1306 1188 1374 ferunt
1239 1390 1242 1396 Ι
1338 1317 1341 1320 ”

73 1408 170 1480 bella.

150 1513 171 1577 2
204 1511 299 1590 {Nun
320 1509 360 1580 eb
380 1506 523 1596 quumvis
545 1529 668 1574 causam
690 1508 785 1575 talem
807 1508 922 1576 bellum
948 1507 1185 1594 suscipiendum,
1199 1531 1260 1616 pp}
1268 1531 1313 1616 3⁰¹³

75 1619 110 1678 et
130 1610 315 1677 Aristoteles
337 1618 452 1685 monet,
476 1618 509 1674 et
525 1608 685 1697 Polybius.
730 1609 797 1675 Nec
813 1632 833 1674 a
850 1608 1008 1675 ueteribus
1028 1608 1187 1675 ¹laudatus
1200 1622 1323 1663 libb-³¹·

75 1711 242 1788 Hercules,
266 1710 350 1796 quod
378 1708 582 1774 Laomedonti
607 1717 640 1774 et
668 1710 783 1798 Augias
812 1731 901 1774 arma
925 1707 1031 1776 intulit
1058 1708 1098 1773 ob
1124 1729 1187 1773 non
1200 1727 1347 1770 raama

74 1811 210 1878 solutam
236 1809 352 1876 laboris
377 1809 561 1874 mercedem.
604 1808 688 1874 Dion
709 1809 899 1875 Prusaeensis
920 1807 953 1872 in
972 1830 1011 1873 ea
1035 1806 1187 1886 oratione,

76 1919 213 2000 quaeest
230 1911 270 1977 de
287 1909 369 1976 bello
387 1918 420 1974 et
437 1930 522 1996 pace,
540 1930 603 1973 non
619 1909 678 1975 hoc
698 1919 819 1975 tantum
843 1909 888 1974 ait
905 1906 1004 1995 quaeri
1025 1908 1135 1986 solere,
1160 1915 1188 1977 ei
1200 1925 1293 1976 aare

79 2007 299 2098 συμβέβηκεν
315 2001 450 2092 ἀδίκημα
468 2004 560 2101 erupti
579 2005 719 2086 τούτων,
738 2015 782 2082 oie
799 2002 1001 2077 διανοοῦνται
1018 2010 1188 2086 πολεμεῖν,

77 2137 126 2179 aa
141 2114 271 2198 injuria
284 2123 419 2197 accepta
431 2112 475 2176 sit
487 2112 530 2175 ab
544 2109 606 2186 liis,
624 2113 661 2176 de
678 2113 796 2196 quibus
809 2112 887 2176 bello
899 2111 1050 2195 petendis
1063 2110 1188 2194 opiter,

76 2213 136 2280 aed
157 2211 262 2290 etiam,
287 2206 430 2293 πὴλικόν
452 2238 493 2276 τε
517 2213 622 2278 τοῦτο
640 2207 864 2295 συρβεβηκὸς,
883 2211 1001 2296 quanli
1021 2210 1190 2275 oeslt'matt·

77 2316 163 2380 dum
179 2315 225 2380 rit
241 2314 288 2391 id,
308 2312 394 2396 quod
410 2310 543 2376 accidit.

77 2490 256 2550 ὑπομένοντες,
279 2488 383 2537 ἐπειδάν
405 2505 472 2536 τινες
493 2487 556 2549 ἡμᾶς
577 2487 612 2536 ra*
660 2487 787 2547 Heri-sorr.)

78 2567 173 2625 νόμιμα
193 2571 272 2613 κινεῖν
292 2565 462 2626 ἀναγκάζωσι,
484 2563 549 2611 τότε
569 2565 611 2611 καὶ
707 2562 779 2610 ¹Sed
790 2577 834 2610 nec
843 2563 1001 2624 vituperatus,
1009 2562 1193 2613 saltemal'au.

76 2641 152 2700 παρά
165 2642 268 2699 δύναμιν
283 2639 418 2699 αἱρούμεθα
428 2639 555 2699 πολέμους
570 2638 612 2686 uel
660 2651 742 2696 amis,
758 2640 826 2700 qu‘us
836 2640 902 2685 locus
913 2641 937 2687 in
948 2655 991 2687 ora
999 2641 1054 2688 libri
1064 2641 1193 2701 indicatur,

70 2717 155 2779 ’μέχρι
163 2719 215 2763 τῶν
222 2713 342 2778 ἐσχάτων
349 2721 408 2762 ruis
415 2720 558 2774 συμφοραῖς
567 2715 611 2775 ἐγ·
661 2721 686 2762 et
697 2716 837 2761 ubidicitur
850 2722 953 2774 tantum,
968 2719 992 2763 in
1003 2719 1045 2764 illo
1055 2718 1120 2765 bello
1132 2719 1193 2766 nihil

76 2793 258 2853 καρτεροῦμεν·
273 2805 346 2852 neque
362 2790 437 2836 nostri
443 2790 612 2850 sortitudiuem
660 2791 730 2836 valde
740 2792 920 2838 memorandum
935 2794 1037 2854 gessisse
1048 2794 1179 2856 Herculem
1183 2809 1191 2842 r

77 2875 194 2925 exercent,
203 2873 228 2915 ut
237 2882 296 2924 ruas
304 2881 343 2914 res
353 2872 462 2927 nuceam,
469 2866 512 2914 sed
518 2867 613 2927 utleqer
661 2865 702 2920 Τῷ
712 2865 736 2910 δὲ
744 2864 867 2924 Ἠρακλεῖ
877 2867 941 2925 πρὸς
951 2867 998 2915 τὸν
1004 2867 1105 2928 Αὐγέαν
1111 2868 1192 2915 πολε·

77 2943 279 3005 sprismont.-
296 2948 375 2989 eetera
385 2942 559 3002 iqiturdumue
567 2941 610 3001 se·
659 2941 757 2997 μοῦντι,
778 2941 846 2987 οὐδὲν
864 2942 978 3004 ὑπῆρχεν
994 2942 1192 2992 ἀποδείκνυσθαι

77 3019 255 3075 reuertentur,
267 3018 307 3064 ubi
317 3021 378 3073 eunt,
390 3017 432 3077 qui
441 3029 484 3062 nos
493 3029 511 3061 a
521 3017 611 3076 leuibus
659 3013 785 3073 λαμπρὸν.
809 3016 883 3063 Forte
893 3018 989 3078 decepit
999 3019 1133 3066 Auctorem
1142 3020 1193 3067 t'er.

78 3099 165 3155 eoquat
175 3093 302 3150 discedere,
312 3097 367 3139 tune
377 3092 449 3137 etium
460 3104 536 3150 supro
548 3093 610 3137 eires
659 3092 765 3136 tinauter
775 3091 905 3151 legentem,
918 3097 961 3139 aut
972 3107 1001 3138 ex
1011 3094 1127 3141 memoris
1136 3094 1191 3143 lau·

78 3171 142 3217 bella
151 3170 271 3224 morimur,
286 3173 308 3213 et
321 3166 530 3225 adultioresque
543 3166 608 3212 mulo
658 3165 1008 3227 dautem,roxillahayrrrpdv.
1037 3167 1065 3214 J.
1077 3167 1110 3216 B.

77 3243 200 3289 duramus.
232 3240 308 3300 (Peg.
328 3238 381 3286 493.
400 3236 414 3297 ἓ
435 3237 473 3284 47.
497 3236 608 3285 division.

78 3489 144 3547 liud
155 3490 212 3546 this
226 3489 250 3545 is
265 3489 416 3561 especially
427 3487 548 3544 suitable
560 3495 590 3544 to
603 3507 620 3545 e
635 3489 798 3546 Christieu’s
811 3490 973 3558 character3
987 3492 1050 3549 who
1062 3494 1092 3550 in
1104 3495 1192 3572 doing

78 3578 144 3644 this,
158 3578 283 3632 imitates
295 3575 344 3630 the
357 3575 467 3648 perfect
475 3577 604 3649 example
620 3578 653 3632 of
666 3578 768 3644 Christ,
783 3577 846 3633 who
859 3596 915 3633 was
925 3580 1029 3652 williug
1040 3587 1071 3637 to
1083 3582 1129 3638 dio
1143 3583 1192 3639 for

78 3683 112 3722 us
126 3664 208 3718 when
223 3680 264 3718 we
283 3679 356 3717 nero
374 3667 423 3733 yet
443 3663 568 3734 ungodly
586 3664 643 3717 aud
660 3663 772 3720 hostile.
811 3665 913 3720 Which
935 3666 958 3721 is
976 3684 993 3720 a
1010 3685 1111 3724 reason
1125 3669 1191 3743 why

77 3770 120 3808 ne
131 3751 234 3807 should
246 3756 297 3806 not
312 3755 461 3822 prosecute
476 3766 529 3803 our
546 3749 635 3820 rights
650 3766 684 3805 or
700 3768 754 3805 our
768 3751 838 3805 dues
855 3759 886 3806 to
904 3752 953 3807 the
971 3753 1191 3815 inconvenienee

77 3840 112 3895 ot*
123 3838 228 3904 others,
244 3843 274 3893 to
290 3853 321 3891 so
336 3842 417 3907 great
432 3852 469 3889 an
484 3843 625 3891 extentas
640 3854 698 3891 war
710 3838 862 3893 occasions.
1142 3889 1143 3893 ,

130 3931 148 3978 2
170 3924 245 3979 That
265 3941 322 3978 war
342 3924 366 3977 is
387 3928 439 3977 not
458 3929 488 3976 to
509 3923 545 3977 be
559 3923 736 3978 undertaken
751 3925 798 3978 ior
815 3942 900 3997 every
920 3924 988 3981 such
1011 3943 1102 3992 cause,
1120 3927 1192 3984 both

75 4011 213 4068 Aristotle
233 4011 290 4064 and
310 4009 446 4080 Polybius
469 4009 552 4064 tcoelr
574 4026 615 4064 us.
654 4011 792 4066 llerculcs
811 4012 834 4066 is
854 4019 905 4066 not
928 4008 1064 4084 praised*
1082 4014 1121 4085 by
1142 4015 1192 4071 tho

76 4098 204 4155 ancieuts
218 4098 266 4152 for
280 4097 344 4151 that
363 4094 400 4150 he
420 4097 489 4150 toolr
508 4114 587 4168 away
607 4097 656 4152 the
673 4114 748 4151 arms
767 4097 800 4151 of
815 4099 979 4154 Laomedon
1002 4098 1059 4154 and
1076 4100 1191 4172 Augias,

76 4186 198 4243 because
219 4182 288 4255 they
308 4183 357 4237 did
375 4189 426 4237 not
443 4201 499 4255 pay
519 4182 580 4237 him
601 4185 647 4239 for
662 4182 706 4238 his
723 4183 831 4238 labour.
868 4186 925 4239 Dio
941 4187 1112 4242 Prusreensis
1126 4205 1191 4262 ruys

75 4272 140 4330 thet
152 4271 201 4326 the
213 4272 343 4344 question
359 4270 381 4325 is
396 4276 428 4324 to
442 4268 478 4325 be
490 4270 586 4335 selred,
601 4277 652 4326 not
667 4270 736 4342 only
749 4270 878 4326 whether
891 4288 928 4326 on
943 4272 1036 4345 injury
1050 4272 1102 4329 hus
1116 4273 1192 4332 been

80 4372 85 4385 =
101 4418 115 4444 ¹
131 4417 182 4466 But
191 4415 286 4484 neither
295 4415 316 4462 ls
325 4416 356 4464 ho
366 4415 469 4475 blamed,
479 4419 507 4464 at
516 4415 577 4464 least
588 4415 612 4464 iu
623 4416 665 4464 tho
675 4429 777 4478 presago
787 4414 816 4463 oi
823 4415 955 4463 Pausanias
966 4418 1067 4478 quoted.
1093 4418 1119 4467 J.
1126 4419 1157 4468 B.
1182 4447 1185 4451 -
