2828 4920
600 368 746 436 CAPUT
769 367 894 436 XI'III.

508 540 562 598 nu
583 541 844 602 uuaaulon'uu
864 541 975 601 June,

228 693 252 750 1.
293 695 476 768 Odiiqationes
513 699 647 772 quaedam
686 719 718 756 ee

875 717 921 757 tute
933 717 987 756 nort
1001 709 1048 755 ai.

288 783 355 857 Im
372 784 492 856 Mittit
513 787 597 853 Mitt}
623 796 653 843 ut
669 788 719 863 jes
792 787 845 846 VI.
873 788 985 845 Hostem
1000 786 1040 841 ad
1051 801 1130 859 quem
1148 783 1248 840 mium
1264 790 1299 839 est

295 869 468 941 topationum.

220 957 259 1015 11.
292 956 371 1012 Inter
385 976 450 1031 quos
468 958 556 1016 locum
572 962 676 1017 habeat.

211 1043 265 1102 111.
294 1043 343 1099 An
365 1062 468 1119 emper
493 1048 662 1105 admittenda
683 1049 717 1105 te·

292 1131 377 1203 patio.

211 1217 262 1274 IV.
293 1217 431 1275 Aduersus
449 1218 548 1291 leontos
563 1220 718 1293 periculosa

875 875 977 947 iepatus
990 873 1090 929 oneri.-

788 961 854 1016 vll.
879 957 1295 1034 It'eeopponipossejustaiionie.

781 1048 863 1105 VIII.
876 1050 929 1104 dus
946 1050 993 1104 hoa
1007 1057 1032 1104 et
1046 1048 1085 1102 ad
1100 1048 1209 1102 aomitee
1229 1045 1298 1116 lepa-

878 1144 968 1192 torum
979 1135 1089 1208 porripi
1096 1152 1107 1188 .·
1120 1133 1241 1206 eitepati
1253 1148 1298 1186 eae

876 1222 985 1279 luserint.

292 1305 427 1360 mimo·
455 1306 633 1378 asmmnm
660 1307 717 1362 rtet.
791 1307 845 1364 1x.
877 1309 917 1363 uu
931 1311 969 1364 ae
983 1311 1053 1366 mm
1068 1305 1186 1362 mnam
1237 1271 1243 1281 ⁸

294 1399 361 1456 tant,
371 1408 427 1447 non
438 1393 600 1449 exactionem
607 1411 707 1466 panos.

217 1476 255 1533 V.
292 1477 450 1549 Lepationie
465 1481 532 1553 jure
555 1499 610 1535 non
634 1482 717 1536 teneri

292 1581 362 1627 aem,
380 1567 421 1620 ad
438 1585 515 1639 quem
533 1567 635 1640 lepatue
652 1569 716 1624 mis·

797 1394 836 1450 X.
872 1395 1009 1469 Exempla
1039 1392 1218 1468 oblipationie,
1243 1389 1298 1448 tint

875 1483 984 1554 ooaeadi
992 1485 1064 1555 jure.

792 1567 847 1624 XI.
876 1568 981 1638 Quanti
992 1570 1026 1624 sit
1038 1570 1085 1624 hoe
1087 1570 1136 1642 jus
1148 1565 1295 1639 lepattome

186 1713 213 1779 1.
313 1716 517 1784 actenus
539 1739 578 1784 ea
594 1717 843 1795 memoravimus,
871 1739 942 1806 qum
959 1740 998 1786 ex
1013 1718 1087 1807 jure
1103 1726 1227 1786 natura
1243 1715 1298 1783 de-

328 1816 443 1885 bentur
459 1817 559 1896 nobis,
577 1818 683 1906 paucis
700 1819 857 1886 duntaxat
878 1819 993 1886 additis
1010 1820 1050 1885 de
1070 1819 1211 1908 gentium
1223 1817 1298 1905 jure

183 1912 370 1995 voluntario,
388 1926 543 2006 quatenus
564 1919 605 1985 ab
622 1941 659 1985 eo
684 1918 803 2008 aliquid
823 1928 893 1986 erat
910 1919 976 2008 juri
999 1929 1124 1987 naturae
1146 1916 1298 2007 superad-

228 2093 237 2126 ¹
252 2093 301 2144 dus
310 2095 482 2160 hegettounm
492 2099 516 2144 In
530 2112 556 2145 se
571 2101 715 2159 spectatum,
767 2101 839 2156 tores,
850 2098 978 2146 comitesre
988 2097 1109 2154 attinebit,
1119 2097 1139 2145 eI
1149 2096 1205 2158 quie
1214 2107 1299 2143 eorum

182 2185 239 2220 rere
249 2174 327 2220 oritur
335 2172 424 2221 adure
435 2173 555 2226 Naturali.
570 2179 598 2220 ut
608 2174 715 2220 ostendit
767 2189 838 2236 quem
850 2175 958 2235 pulsasse
972 2175 1021 2220 eive
1035 2173 1147 2234 injurium
1157 2172 1245 2220 iecisse
1258 2184 1299 2217 er·

182 2246 396 2304 Purexuoeerus,
411 2246 452 2294 De
462 2247 525 2294 Jure
535 2247 596 2295 Nat.
611 2253 633 2294 et
645 2246 714 2294 Geni.
766 2256 864 2312 poetar,
881 2251 985 2311 Ulpiano
996 2250 1158 2310 respondente
1174 2247 1231 2294 inl.
1249 2247 1300 2307 teas

182 2321 237 2370 Lib.
248 2335 277 2370 ιι.
289 2337 343 2384 cup.
353 2324 386 2372 iii.
401 2323 415 2385 5
426 2325 464 2371 23.
496 2324 557 2380 Qum
568 2329 650 2370 autem
662 2323 713 2383 pri-
765 2326 847 2383 latia,
859 2328 881 2373 7.
888 2326 920 2373 D.
930 2326 966 2372 ad
975 2327 1047 2387 iepem
1056 2325 1153 2372 lutiam
1162 2324 1193 2371 ds
1203 2323 1302 2384 oipuir·

182 2398 271 2460 riIegIe
281 2400 388 2446 moribus
403 2400 514 2460 gentium
531 2407 626 2447 tanturn
640 2399 714 2460 origi·
766 2401 822 2448 tica.
841 2400 965 2461 doeephus
983 2402 1099 2463 Antiqua
1107 2399 1227 2446 Historia
1236 2397 1302 2447 hom

182 2488 239 2522 nem
249 2475 348 2534 debent,
363 2476 405 2522 illa
415 2491 487 2524 nemo
502 2483 600 2524 tenetur
613 2477 714 2538 Legatie
765 2490 810 2523 xv.
822 2490 874 2537 aep
882 2479 905 2525 8.
917 2477 1021 2524 multum
1032 2477 1149 2537 predicat
1158 2475 1301 2536 legatorum

182 2551 323 2608 concedere,
339 2551 385 2597 nisi
399 2552 466 2609 velit,
483 2558 509 2599 et
526 2560 598 2612 paeto
616 2552 654 2598 vel
670 2566 722 2598 exv
765 2553 956 2610 sanctimoniam,
967 2554 1054 2614 quibus
1064 2553 1301 2616 eitoommuneeum

182 2639 275 2686 presso,
295 2627 334 2672 vel
350 2627 432 2686 tacito,
453 2628 484 2673 nd
502 2628 545 2673 illa
560 2628 714 2674 concedenda
765 2629 858 2690 angelis
868 2628 915 2675 Dei
926 2630 1120 2676 nuutiienomen.
1145 2628 1233 2684 Verre,
1245 2628 1301 2677 Lib.

181 2702 407 2749 eeeeobetrinxerit.
440 2703 510 2751 J.B.
767 2717 807 2751 111.
830 2703 859 2750 de
876 2704 974 2765 linqua
990 2704 1098 2752 Latinae
1128 2703 1221 2752 Sancta
1244 2707 1303 2752 nee

228 2783 240 2809 ¹
255 2774 442 2824 Sanctimoniam
452 2775 593 2839 teqatorum]
606 2777 714 2838 Pompo·
765 2793 868 2840 corpora
879 2780 1017 2839 teqatorum.
1040 2779 1133 2836 Cicero,
1147 2778 1251 2827 Verrina
1258 2791 1301 2827 ιιι.

181 2851 236 2899 nIue
246 2851 295 2899 hei
304 2853 365 2913 puis.
382 2854 427 2901 ult.
437 2855 470 2900 Ι).
485 2856 515 2901 de
525 2855 711 2914 Lepationibus:

182 2925 212 2974 st
221 2928 276 2988 quis
285 2928 388 2989 leuatam
401 2929 502 2975 hostium
512 2930 641 2988 pulsasset,
657 2943 713 2975 eon·

180 3008 222 3051 tra
230 3004 276 3062 jus
289 3005 393 3065 pentium
407 3005 435 3051 e'd
449 3006 594 3052 commissum
609 3019 659 3052 esse
671 3021 713 3051 ce·

181 3079 309 3137 istimatur,
325 3081 385 3141 quia
399 3082 477 3127 saneti
490 3081 607 3127 habentur
620 3081 694 3141 leuati
702 3097 711 3129 .·

180 3160 203 3202 et
218 3155 272 3203 ideo
290 3157 313 3204 si
330 3171 381 3204 aum
404 3157 477 3218 leuati
493 3157 561 3218 apud
577 3172 619 3203 nos
639 3162 713 3203 essent

179 3233 256 3293 pertis
265 3234 375 3292 alicujus,
391 3234 477 3281 beilum
487 3249 539 3281 oum
548 3235 583 3281 eis
600 3234 713 3281 indictum

765 2855 910 2915 Leqatorum
914 2855 958 2911 jus
968 2856 1048 2902 diuino
1059 2855 1209 2916 humanoque
1216 2855 1302 2904 valta·

765 2938 812 2977 tum
818 2931 942 2991 prasidio,
958 2932 1025 2989 atejus
1037 2937 1086 2978 tam
1101 2935 1207 2978 sanetum
1222 2936 1246 2978 et
1263 2945 1303 2978 ee·

764 3007 870 3053 neratde
886 3021 967 3052 nonuen
982 3021 1030 3054 esse
1047 3007 1119 3064 debet,
1134 3011 1216 3053 utnon
1226 3007 1301 3055 mado

764 3084 826 3129 inter
835 3083 953 3129 sociorum
962 3083 1032 3140 jura,
1045 3083 1088 3130 sed
1097 3088 1119 3130 et
1134 3083 1236 3129 hostium
1248 3083 1301 3131 teia

765 3159 878 3204 incolume
883 3166 995 3206 versetur.
1010 3160 1119 3220 Seriptor
1128 3159 1184 3206 vito
1193 3160 1300 3220 Epami·

764 3234 864 3280 nanda:
880 3233 972 3294 {Immo
989 3235 1122 3296 Pelopiam.
1140 3235 1225 3283 Coae.
1240 3235 1299 3283 Ne·

179 3310 220 3368 sit,
241 3309 329 3357 liberos
345 3325 385 3359 eas
402 3326 503 3358 manere.
535 3311 569 3358 Id
585 3312 646 3357 enim
656 3311 713 3368 juri
765 3322 820 3365 nos,
831 3324 851 3355 a.
863 3325 885 3356 v.
898 3324 922 3355 n.
932 3309 968 3370 1.]
996 3309 1301 3372 Cumteqationisjureee

179 3386 282 3446 pentium
301 3388 437 3434 conveniens
457 3401 514 3434 esse.
549 3387 633 3448 Itaque
653 3401 711 3443 aum,
764 3390 847 3431 tectum
862 3387 1032 3444 arbitraretur,
1052 3387 1118 3447 quod
1134 3385 1201 3448 apud
1217 3402 1301 3435 omnen

179 3463 222 3524 qui
238 3463 344 3523 teqatum
357 3463 485 3523 pulsasset,
502 3462 605 3523 Quintus
615 3462 712 3507 Jlncius
762 3466 1006 3520 pentessanctumesse
1012 3469 1150 3512 consuesset.
1171 3463 1301 3511 Diodorus

179 3535 234 3582 dedi
248 3537 362 3594 hortibus,
376 3551 477 3597 quorum
491 3543 560 3583 erant
574 3537 656 3596 leqati,
671 3551 711 3581 so·
764 3537 857 3582 SIcque
863 3538 887 3582 in
894 3540 1013 3598 excerptis
1020 3539 1168 3596 Peiresianie‚
1174 3539 1300 3600 Papam.

179 3611 238 3658 Iitus
253 3617 287 3658 est
300 3613 449 3672 respondere.
481 3612 548 3673 Lege
559 3610 628 3657 dulia
643 3611 673 3657 de
688 3611 711 3657 ri
763 3612 811 3664 τήν
822 3612 907 3658 ἄδειαν
919 3618 990 3658 vocat
1000 3616 1046 3667 rie
1060 3616 1112 3659 τῶν
1127 3615 1301 3673 πρεσβευτῶν

179 3687 277 3748 publica
291 3693 397 3746 tenetur,
416 3689 482 3750 qnod
498 3687 640 3747 adlegatos
656 3699 711 3731 orn·
762 3686 878 3734 dauhtar·
893 3690 1043 3735 securitatem
1056 3704 1072 3736 a
1084 3690 1300 3750 ieaatorumsane-

362 3939 501 3994 (imum
519 3937 631 3992 xv111.
671 3937 715 4012 Os
725 3939 765 3993 the
780 3940 864 4010 liipht
880 3942 915 4015 eff
924 3941 1066 4012 Lepotioa.

235 4057 260 4114 1.
305 4057 439 4113 Ilitherto
457 4074 499 4112 wo
516 4056 589 4112 haro
610 4058 718 4130 spoken
737 4060 771 4113 of
785 4060 879 4131 things
895 4062 985 4116 which
1001 4079 1050 4116 nro
1069 4060 1125 4117 due
1146 4066 1177 4117 to
1199 4080 1232 4119 us
1254 4064 1299 4138 by

176 4143 299 4199 Natural
310 4144 385 4210 Lan,
397 4144 502 4216 adding
515 4144 582 4215 only
596 4162 613 4198 a
628 4145 682 4198 few
700 4146 794 4216 points
810 4147 901 4201 ulrich
916 4148 1019 4218 belong
1035 4157 1064 4202 to
1078 4149 1127 4203 tho
1141 4151 1297 4208 instituted

176 4230 244 4285 Lan
256 4231 289 4286 of
300 4232 429 4297 Nations,
448 4232 477 4285 in
490 4248 521 4286 so
534 4233 578 4285 far
590 4249 620 4286 ns
633 4231 670 4303 by
687 4231 749 4287 that
769 4251 824 4306 an)v
839 4234 920 4305 thing
933 4253 987 4289 was
1004 4236 1097 4290 added
1111 4246 1140 4291 to
1156 4237 1206 4292 the
1222 4239 1295 4293 han

176 4317 211 4372 οἰ
218 4317 338 4375 Nature.
384 4320 412 4374 It
427 4319 549 4375 renraine
569 4324 599 4374 to
614 4318 701 4391 speak
716 4319 750 4375 of
762 4319 810 4375 tho
831 4322 1000 4392 obhgatione
1015 4322 1105 4378 which
1122 4323 1184 4379 that
1196 4324 1294 4382 which
