2828 4920
68 247 283 324 GAP.XXV1.]
323 254 376 310 DE
401 254 537 313 causis
559 254 693 312 tuscis
715 255 769 311 UT
791 255 960 319 BELLUM,
982 256 1066 313 DTC.
1125 247 1190 317 447

72 423 108 487 in
127 435 268 490 acuatu:
291 425 322 490 ei
344 424 539 511 capitolium
562 445 611 489 me
630 424 799 490 incendere
814 424 943 508 jubens,
967 444 1076 490 urcem
1097 435 1189 489 occa

70 544 162 608 parc,
183 525 258 591 licet
273 526 405 590 dicere:
430 525 515 589 Hoec
532 536 607 589 cunt
624 547 695 608 quoe
706 525 783 608 ficri
800 545 864 588 non
881 536 1013 610 oportet.
1049 525 1315 628 seneeazpanc.
1325 541 1353 580 1³¹-

74 645 135 688 aaa
152 638 213 690 atet
229 647 288 690 noe
305 627 416 690 cautela
426 624 541 708 jubere
556 646 740 711 pausamus,
759 636 820 688 aut
839 625 876 688 ia
898 627 1009 689 oceania
1026 625 1113 691 serui
1126 646 1189 709 pa·
1226 615 1231 627 '

75 745 142 790 rere
159 738 331 810 coquntur.
380 727 504 792 Contra
521 726 756 810 rempublicam
778 726 943 808 imperata
961 727 1189 811 nonfacieat:

76 825 158 890 nielli
188 826 304 891 sceleri
334 847 454 890 manue
485 825 742 890 commodabunt.
801 826 954 912 Sopaterz
990 817 1063 901 ἔδει,
1090 822 1188 920 φησὶ,

77 924 246 1005 πεισθῆναι
265 925 315 1015 τῷ
332 924 450 1017 πατρί.
484 924 511 991 el
528 919 586 1004 μὲν
602 920 687 991 κατὰ
704 918 826 1001 νόμους,
845 928 958 998 καλῶς.
994 925 1021 994 el
1041 917 1075 993 be*
1092 918 1188 1017 nupti

77 1020 116 1091 ‘cti
140 1019 285 1116 πρέπον,
310 1021 368 1092 οὐκ
389 1019 545 1112 εὔλογον·
562 1026 672 1110 patri,
697 1024 808 1111 inquit,
831 1028 1020 1111 parentium
1043 1036 1098 1091 eet.
1149 1025 1190 1090 Si

77 1127 205 1207 quidem
222 1127 316 1190 intra
326 1125 420 1210 jura,
439 1137 543 1190 recte:
567 1125 621 1189 ein
641 1125 734 1189 altra
755 1127 929 1201 ltorsestum,
953 1147 1017 1190 ann
1033 1125 1188 1190 conuenit.

75 1216 206 1290 iirrisus
222 1225 295 1290 olim
312 1224 491 1300 Stratocles,
508 1221 562 1310 qui
579 1222 682 1312 legem
698 1224 837 1290 Athenis
853 1226 1033 1318 rogaverat,
1051 1233 1088 1289 ut
1105 1222 1189 1309 quic·
1203 1235 1338 1332 {mm

74 1324 150 1410 quid
167 1324 330 1391 Demetrio
346 1325 414 1413 regi
427 1323 593 1411 placuisset
608 1323 641 1388 id
653 1323 686 1388 in
699 1325 785 1390 Deos
802 1325 886 1412 pium
902 1334 935 1390 et
952 1325 1036 1391 inter
1048 1323 1189 1389 homines
1201 1330 1296 1375 ⁸³⁹›⁹‘'⁰·
1394 1372 1397 1377 «

69 1423 191 1509 justum
209 1434 300 1490 esset.
342 1423 460 1489 Plinius
475 1422 588 1490 alicubi
605 1423 800 1491 elaboratum
817 1447 836 1491 a
854 1447 887 1491 se
904 1425 960 1501 ait,
978 1434 1014 1491 ut
1031 1431 1189 1490 constaret
1202 1438 1291 1526 {gbl-'2¹¹5

73 1518 301 1591 kministerium
319 1524 437 1590 crimen
454 1546 531 1591 esse.
1221 1497 1238 1534 p
1268 1514 1273 1525 ⁸
1291 1513 1297 1524 ⁹

151 1626 174 1690 3
205 1626 279 1712 Ipsa
291 1624 367 1712 jura
389 1623 502 1702 ciuilia,
526 1646 597 1711 quae
619 1625 754 1712 pcccatis
775 1625 1001 1693 excusabilibus
1025 1625 1116 1692 facile
1135 1646 1190 1692 ve·

70 1723 160 1791 niam
184 1726 338 1812 praebent,
359 1725 469 1790 favent
491 1725 615 1810 quidem
638 1725 687 1791 his
704 1727 757 1813 qui
780 1749 893 1813 parere
912 1747 1038 1792 necesse
1060 1725 1189 1803 habent,

70 1826 132 1891 sed
154 1846 218 1890 non
234 1823 268 1888 in
284 1824 436 1890 omnibus.
475 1824 645 1912 Excipiunt
662 1827 743 1891 enim
766 1848 803 1891 ea
825 1849 896 1913 quae
919 1825 1117 1892 atrocitatem
1134 1825 1189 1891 ha·
1204 1840 1301 1927 '525‘ss
1310 1841 1352 1926 ναν.

71 1925 153 1991 bent
168 1922 314 1990 facinoris
335 1923 387 1989 vel
401 1923 535 2004 sceleris,
554 1947 625 2010 quae
640 1948 697 1991 sua
713 1937 823 2013 sponte
840 1925 993 1992 scelerata
1008 1947 1046 1993 ae
1069 1924 1191 1991 nefaria
1227 1916 1232 1928 ’
1298 1915 1304 1927 ’
1330 1915 1336 1927 ’

71 2033 160 2102 sunt,
182 2031 218 2091 ut
237 2023 376 2111 loquitur
398 2023 528 2101 Tullius,
549 2025 702 2091 maleficia
722 2047 793 2112 quae
815 2035 926 2114 sponte
947 2035 980 2092 et
1000 2048 1063 2091 non
1084 2024 1189 2113 dispu·
1203 2034 1326 2122 {ptem-⁵·

72 2125 197 2192 tatione
214 2122 505 2211 jurisconsultorum
529 2124 584 2189 sed
600 2126 736 2191 naturali
757 2125 1018 2214 interpretatione
1040 2125 1191 2216 fugienda
1265 2133 1268 2139 '

74 2233 161 2302 sunt,
179 2232 215 2290 ut
232 2223 384 2289 Asconius
400 2222 637 2310 interpretatur.
1203 2260 1231 2299 1„
1238 2258 1340 2299 summ.

153 2326 176 2388 4
205 2324 381 2389 Narratum
415 2324 564 2389 Hecataeo
592 2323 750 2413 Josephus
782 2335 945 2404 memorat,
973 2325 1104 2393 Judaeos
1137 2323 1190 2413 qui
1204 2345 1349 2441 Epopeo&

75 2423 265 2492 Alexandro
282 2422 449 2490 Macedoni
469 2422 656 2503 militabant,
677 2446 780 2512 neque
801 2427 985 2494 verberibus
1000 2448 1103 2516 neque
1119 2449 1191 2493 con-
1204 2439 1276 2489 νον·

75 2627 121 2659 νον
133 2611 543 2674 1’νιρηωνινινιιοῖονρονονινιο.
573 2611 610 2659 A·
661 2617 745 2659 contra
755 2613 917 2675 dej‘uqituram
926 2629 952 2662 cc
961 2627 1051 2676 caque
1056 2613 1194 2662 Andronico

75 2690 171 2751 licquin
189 2690 251 2736 nihil
269 2695 303 2737 cst
324 2691 485 2751 perniciociuc
507 2689 611 2748 acceptis
660 2700 706 2733 non
712 2689 845 2747 placerent.
868 2689 988 2751 [Nicetes
998 2690 1069 2739 Alex.
1080 2705 1134 2751 cap.
1143 2688 1194 2751 la]

75 2765 211 2825 beneficiis.-
224 2765 247 2811 ci
257 2766 283 2810 in
293 2780 381 2811 omnem
391 2779 433 2810 noc
442 2765 550 2824 obliquat
559 2777 610 2810 ccr-
706 2762 896 2812 &ministerium
912 2766 1000 2812 crimen
1016 2765 1076 2826 cccc]
1093 2766 1194 2813 Tertul-

74 2841 180 2887 vitutcne.
210 2839 437 2902 (Declamat333.)
660 2838 893 2886 lienuschnima:
905 2840 966 2900 plue
980 2840 1082 2887 creditur
1096 2840 1195 2901 qniju·

123 2916 130 2951 ¹
143 2918 238 2964 Irritus
251 2917 309 2963 olim
323 2913 464 2977 Stratonice]
481 2915 547 2961 Talis
558 2918 611 2961 erat
661 2914 704 2971 bct,
720 2915 815 2975 wando
830 2928 872 2962 uec
884 2917 927 2977 qui
942 2917 1079 2978 obsequitur
1093 2930 1194 2964 naua·

76 2993 216 3054 syngrapha
225 2993 348 3053 illaquam
358 2992 472 3038 cBesilio
481 2991 611 3037 camatero
661 2993 708 3033 tur.
740 2989 816 3049 (Cap,
833 2988 887 3048 40.)
918 2995 944 3037 et
963 2990 993 3038 de
1012 2991 1195 3039 Rem-rectione

76 3068 233 3116 Andronicus
241 3067 381 3116 Comnenus
388 3072 516 3126 exegerat:
527 3065 611 3112 treton
663 3061 769 3109 Carnis:
789 3078 841 3110 ονηι
856 3065 961 3112 humanu
975 3081 1076 3114 censura
1095 3082 1123 3114 co
1136 3082 1196 3129 per.

78 3145 106 3190 ἐν
132 3145 173 3204 τῷ
196 3143 388 3204 ἅρχιιρατεύειν
407 3139 610 3199 διαπράττεσθαι
654 3138 746 3198 finiar
766 3141 891 3199 habeatur,
911 3157 958 3202 quo
982 3143 1054 3188 etiam
1073 3143 1196 3190 ministros

78 3218 128 3265 cicc
152 3217 253 3278 φιλητᾰ
279 3216 429 3276 Ἀνδρονίκῳ,
452 3214 498 3276 κᾷν
524 3214 611 3268 εἴησαν
654 3214 722 3273 sacti
731 3213 844 3275 cujusnam
856 3217 970 3276 deposcit,
980 3232 1023 3265 nec
1033 3232 1138 3279 parcens
1151 3224 1195 3264 aut

78 3292 248 3351 πανοθὲμιτα,
270 3291 373 3338 κάκεῖνα
394 3289 475 3336 πάλιν
494 3288 611 3335 ᾰποστν-
662 3290 836 3346 tueldensillis,
849 3294 983 3352 qnluminut
993 3306 1045 3341 cum
1055 3295 1195 3341 auctorum

79 3372 146 3428 γεῖν,
172 3367 262 3414 ὀνόσολ
277 3369 325 3427 οὐχ
345 3365 425 3420 ἡδύνει
452 3363 610 3421 Ἀνδρόνικον·
661 3371 785 3425 autpoence
798 3369 935 3428 naturalia
949 3371 1194 3431 communicentfiuc·

79 3444 125 3490 illa
135 3441 291 3504 iapnntificio
301 3441 463 3502 refecturum
474 3454 528 3500 qnam
538 3444 611 3498 oratu
661 3446 717 3487 tum.
755 3442 820 3504 (Cap
854 3445 905 3504 15.)
941 3445 1005 3493 Vide
1031 3447 1140 3494 Gailium
1165 3446 1196 3496 dc

80 3519 220 3567 Andronico
225 3515 420 3578 metatquumcic
420 3515 496 3575 plane
501 3515 609 3575 uesicam
661 3514 729 3562 Pace
738 3515 853 3575 Publica,
868 3517 923 3566 Lib.
933 3533 953 3568 1.
964 3520 1059 3581 capii.
1069 3533 1093 3568 n.
1102 3523 1142 3569 14.

80 3762 202 3836 thought
227 3762 302 3834 good
321 3762 359 3834 by
379 3761 551 3826 Demetrius,
574 3760 674 3817 should
697 3760 734 3817 be
759 3761 902 3818 rechoncd
922 3762 999 3835 right
1020 3763 1077 3818 aud
1101 3763 1201 3836 picus,

79 3852 165 3922 Pliny
176 3849 348 3906 somewhere
360 3865 423 3921 says
437 3849 500 3904 that
512 3849 548 3904 he
558 3848 616 3904 had
627 3849 762 3904 laboured
777 3856 807 3903 to
819 3867 907 3922 prove
922 3849 985 3905 that
999 3856 1030 3906 to
1045 3850 1081 3905 be
1097 3851 1196 3906 minis·

79 3938 162 3994 terial
174 3939 204 3991 in
217 3955 235 3991 a
246 3937 334 3992 crime
345 3953 400 3991 was
412 3953 430 3991 a
442 3937 538 3992 crime,

135 4030 152 4079 3
174 4025 253 4078 Even
266 4023 315 4078 the
326 4023 396 4078 civil
407 4024 483 4087 Law,
495 4022 586 4079 which
596 4025 619 4078 is
627 4023 711 4079 facile
726 4023 755 4076 in
771 4023 866 4094 giving
880 4022 990 4094 pardon
1004 4029 1035 4079 to
1046 4023 1196 4080 excusuble

80 4111 209 4175 offences,
220 4112 243 4164 is
255 4110 420 4165 favourablc
431 4116 462 4165 to
475 4111 556 4166 those
568 4111 631 4167 who
643 4128 692 4165 are
707 4110 797 4164 under
809 4109 859 4165 the
871 4111 1010 4183 necessity
1022 4111 1056 4167 of
1065 4111 1196 4183 nbeying,

80 4199 134 4253 but
151 4203 203 4251 not
222 4204 253 4252 to
268 4197 315 4252 all.
354 4197 382 4251 It
397 4205 510 4269 excepte
526 4215 602 4254 cases
622 4198 656 4252 of
669 4203 750 4269 great
770 4198 899 4268 atrocity,
919 4197 1020 4252 crimes
1040 4196 1131 4252 which
1146 4213 1196 4252 are

80 4283 222 4356 naturally
234 4283 423 4350 abominahle,
435 4293 486 4340 not
497 4285 674 4342 condemned
688 4284 727 4356 by
745 4283 795 4340 the
807 4285 924 4356 opinion
941 4284 975 4338 of
991 4283 1108 4356 lawyers
1119 4283 1196 4357 only,

80 4371 134 4427 but
144 4370 184 4442 by
197 4372 311 4426 natural
324 4370 440 4444 feeling.

87 4458 93 4472 '
133 4463 150 4512 4
162 4458 303 4532 Josephus
318 4458 421 4517 relates
430 4458 492 4516 that
505 4459 554 4517 the
566 4460 649 4526 Jews,
658 4456 750 4515 under
758 4457 919 4515 Alexander
929 4455 980 4514 the
992 4456 1091 4524 Great,
1102 4454 1197 4513 would
