2828 4920
68 237 141 293 Car.
155 234 267 308 XVII]
302 236 569 294 OBLIGATIONE
592 237 685 303 QUAE
708 238 804 294 mnu
828 237 987 294 ORITUB.
1121 231 1182 296 191

68 415 128 484 est,
144 405 195 472 eui
211 405 244 471 id
262 413 311 472 est
330 425 531 494 consequens,
552 415 589 474 ut
605 406 784 474 libertatem
801 407 961 475 testatoris
977 405 1010 474 in
1030 427 1069 472 eo
1085 405 1184 496 impe-

68 507 140 574 dire
156 505 271 593 injuria
287 504 337 571 sit.

146 609 204 674 IV.
241 605 349 672 Minus
364 612 472 672 autem
488 606 557 695 quis
568 607 697 686 habere,
715 631 752 675 ae
764 609 896 697 proinde
909 609 1056 677 damnum
1072 609 1182 678 secisse

65 707 273 797 intelligetur,
289 729 352 772 uon
368 706 401 772 in
422 719 606 786 retentum,
629 710 685 776 sed
702 719 735 776 et
752 711 785 776 iu
808 711 961 778 fructibus
978 711 1032 798 qui
1052 710 1182 800 proprie
1215 753 1218 761 ·

65 809 117 875 rei
133 808 254 884 fructus
271 817 354 887 suut,
371 808 437 875 sire
454 809 498 876 illi
515 811 656 899 percepti
675 820 758 888 sunt,
776 811 842 878 sive
858 834 930 890 non,
948 812 975 878 si
991 821 1096 878 tamen
1113 811 1182 900 ipse
1255 803 1260 812 ⁸

66 931 123 975 eos
145 919 351 997 percepturus
375 909 490 988 suerat,
517 911 658 977 deductis
683 911 829 1000 impensis
852 913 964 1000 quibus
993 933 1045 979 res
1069 911 1180 979 melior

65 1009 153 1076 faeta
170 1019 228 1090 est,
245 1019 301 1078 aut
322 1033 393 1099 quae
410 1012 587 1078 adfractus
604 1012 820 1100 percipiendos
841 1015 969 1081 luerunt
984 1012 1178 1091 neeessariae,

65 1133 109 1178 ex
126 1113 238 1202 regula
254 1133 325 1200 quae
341 1135 397 1178 uos
414 1122 502 1180 vetat
518 1111 738 1200 locupletiores
758 1114 826 1180 tieri
842 1137 912 1180 eum
928 1114 1031 1181 aliens
1041 1111 1177 1200 jactura.

141 1215 182 1280 V.
227 1213 291 1281 Sed
307 1222 340 1280 et
357 1235 429 1301 spes
445 1213 523 1280 lueri
546 1235 586 1280 ex
603 1223 710 1280 nostro
732 1214 947 1292 aestimabitur,
967 1236 1031 1280 nou
1047 1223 1084 1280 ut
1100 1213 1178 1282 illud

64 1313 178 1402 ipsum,
196 1315 253 1381 sed
270 1315 438 1381 seeundum
457 1313 721 1404 propinquitatem
739 1315 780 1381 ad
803 1326 917 1392 aetum,
935 1324 971 1383 ut
986 1315 1020 1381 iu
1039 1324 1177 1381 semente
1189 1325 1333 1424 &iffi

64 1437 138 1503 spes
155 1414 270 1482 messis.
1190 1420 1312 1507 ssgw·

142 1517 202 1583 VI.
246 1517 408 1583 Tenentur
424 1524 539 1593 autem,
553 1524 671 1603 praeter
687 1516 788 1606 ipsum
805 1515 858 1605 qui
871 1539 929 1604 per
945 1539 980 1582 se
996 1523 1030 1582 et
1045 1508 1174 1595 ἀμέσως
1187 1541 1318 1628 ppoupps.

64 1618 214 1683 damnum
238 1616 303 1694 dat,
324 1616 378 1682 alii
393 1638 517 1705 quoque
544 1616 686 1683 iaciendo
708 1628 764 1684 aut
790 1641 852 1683 nou
872 1616 1026 1684 faciendo.
1067 1617 1343 1723 'Facimus-⁶·

63 1717 147 1783 endo
170 1716 224 1784 alii
248 1717 409 1804 primario,
431 1717 485 1783 alii
510 1718 713 1785 secundario:
736 1719 895 1806 primario,
920 1717 973 1805 qui
995 1716 1097 1804 jubet,
1121 1716 1176 1806 qui

62 1840 247 1884 eonsensum
264 1816 448 1905 requisitum
462 1818 600 1896 adhibet,
622 1819 675 1906 qui
692 1820 832 1907 adjurat,
847 1819 899 1906 qui
915 1827 1078 1906 receptum
1094 1839 1177 1908 prae-

62 1927 139 1997 stat,
157 1927 214 1986 aut
230 1917 285 2006 qui
301 1918 364 1984 alio
382 1918 474 1985 modo
491 1919 524 1984 in
541 1918 608 2006 ipso
625 1919 754 1986 crimine
771 1919 947 2008 participet.

141 2020 216 2086 Vll.
259 2018 461 2099 Secundario,
487 2019 541 2107 qui
561 2019 720 2085 consilium
744 2020 809 2096 dat,
827 2020 962 2096 ‘laudat
985 2026 1174 2088 assentetur.

64 2123 157 2197 Quid
173 2122 259 2188 euim
275 2123 409 2187 interest
423 2112 530 2187 ‘linter
545 2142 710 2187 suasorem
718 2121 815 2208 faeti
830 2133 860 2188 et
871 2121 1110 2208 probatorem?
1128 2121 1177 2190 ait

62 2221 174 2288 Cicero
192 2221 369 2309 Philippica
384 2221 528 2287 secunda.
1186 2243 1276 2294 enarr.

137 2323 231 2389 VIII.
273 2323 348 2387 Non
369 2320 512 2388 faciendo
534 2319 609 2387 item
629 2318 779 2408 primario
804 2330 860 2388 aut
880 2320 1083 2402 secundari03
1110 2321 1178 2411 pri·

60 2495 234 2544 habendusrrt.
265 2495 403 2558 (Capit.)
433 2496 554 2558 Ulpianus
568 2496 594 2542 in
687 2493 1176 2558 ‘Intermnsormsactietprobatorenj

60 2572 117 2621 Lib.
128 2585 147 2618 a.
158 2587 179 2620 e.
189 2573 220 2619 de
230 2587 300 2619 servo
310 2577 439 2633 corruptor
455 2573 491 2619 Et
505 2573 527 2619 ri
541 2575 595 2618 erat
642 2572 760 2633 Applicat
781 2573 827 2618 hee
844 2572 936 2618 dictum
954 2571 1035 2618 Probo
1060 2572 1177 2632 prefecto

60 2663 144 2696 cereus
158 2649 438 2710 omnimodosuqr'tnrur,
452 2648 594 2708 celsanum
642 2649 794 2706 Ammianus,
804 2647 966 2694 libroxxvu.
975 2647 1041 2708 (esp.
1053 2648 1091 2708 2.)
1108 2647 1176 2709 Legs

52 2725 179 2785 factunm,
195 2725 235 2771 dic
248 2738 303 2771 erro
315 2724 431 2771 laudator
441 2725 491 2782 rjus
500 2737 593 2784 propo·
642 2724 834 2784 Langobardica,
849 2723 905 2771 Lib.
915 2736 934 2771 1.
945 2723 984 2771 tit.
994 2725 1017 2770 4.
1028 2721 1103 2770 etism
1114 2736 1174 2770 eon·

59 2800 103 2846 siti
105 2799 196 2859 fuerit,
202 2806 308 2846 tenetur:
319 2813 366 2846 non
373 2801 434 2847 enirn
443 2799 594 2859 oportctlan·
641 2801 723 2846 sulens
732 2801 763 2845 nd
773 2799 973 2860 compositionem
983 2802 1091 2847 vocetur.
1111 2798 1177 2847 vius

59 2873 142 2922 dando
152 2877 238 2938 augeri
247 2877 344 2924 melun.
641 2876 714 2924 Rom.
724 2876 741 2924 i.
752 2875 844 2934 intime,
853 2880 879 2923 et
888 2875 922 2922 ibi
932 2880 1026 2923 veteres
1036 2875 1175 2938 scriptores·

58 3124 126 3189 loss,
137 3127 189 3179 not
204 3122 271 3195 only
285 3122 315 3177 in
330 3122 380 3178 the
392 3121 473 3192 thing
486 3121 576 3178 which
588 3122 705 3195 belongs
717 3132 748 3179 to
759 3125 828 3189 him,
839 3124 893 3180 but
903 3126 933 3178 in
946 3125 995 3181 the
1007 3123 1132 3198 produce
1144 3126 1179 3184 οἱ

59 3212 110 3268 the
124 3211 215 3281 thing,
230 3210 357 3265 whether
368 3209 405 3264 he
421 3209 471 3264 has
483 3210 622 3265 collected
637 3211 706 3264 such
719 3212 853 3282 produce,
867 3227 900 3265 or
914 3211 982 3282 only
996 3211 1090 3268 would
1101 3213 1174 3270 have

59 3298 199 3354 collected
215 3298 253 3353 it:
275 3297 331 3351 and
347 3297 390 3351 his
407 3297 463 3351 loss
478 3298 596 3353 consists
612 3299 641 3350 in
657 3297 719 3351 that
734 3297 867 3368 produce,
882 3299 972 3353 orions
987 3299 1037 3354 the
1051 3315 1174 3372 expense

58 3385 94 3441 oi
111 3385 269 3456 impreving
284 3383 333 3439 the
348 3384 438 3455 thing,
452 3384 509 3438 and
522 3385 555 3439 ol
567 3384 718 3454 collecting
732 3384 782 3438 the
796 3385 931 3456 preduce.

114 3471 151 3525 V.
189 3470 257 3526 hiso
277 3470 327 3526 the
346 3470 421 3542 hope
439 3471 473 3526 oi
489 3472 555 3542 gain
575 3471 649 3525 from
671 3487 689 3524 a
707 3470 788 3541 thing
811 3470 901 3525 which
922 3471 946 3527 is
966 3486 1032 3527 ours
1052 3489 1118 3547 may
1135 3472 1173 3530 be

58 3556 219 3622 estimated,
233 3564 285 3612 not
299 3574 330 3612 as
342 3557 418 3612 what
433 3559 456 3612 it
471 3558 494 3612 is
509 3558 620 3630 simply,
632 3557 684 3611 but
699 3557 850 3630 according
864 3565 894 3614 to
909 3559 946 3613 its
967 3566 1115 3632 prospect;
1140 3576 1172 3616 ss

57 3644 109 3701 the
121 3644 196 3716 hope
208 3645 242 3699 of
253 3644 303 3700 the
312 3634 431 3700 ¹harrest
447 3645 476 3698 iu
488 3644 538 3699 tlre
550 3661 647 3699 sowcr.

110 3732 163 3789 v1.
201 3731 318 3787 Besides
332 3732 392 3786 him
410 3731 473 3786 who
486 3731 679 3804 immediately
693 3746 791 3787 causes
802 3730 852 3786 the
867 3730 931 3796 less,
947 3729 1044 3788 others
1058 3733 1172 3809 msybe

56 3818 164 3886 bound,
176 3819 269 3875 either
283 3819 322 3892 hy
337 3819 424 3890 doing
435 3835 468 3874 or
479 3827 529 3873 not
541 3819 636 3889 doing.

112 3907 156 3977 By
175 3907 271 3977 doing,
292 3923 370 3962 seme
385 3906 539 3979 primarlly,
554 3905 651 3961 others
666 3904 858 3978 secandarily:
882 3904 1043 3978 Primnrily,
1055 3906 1093 3964 lae
1107 3905 1170 3965 who

55 3992 221 4048 commando
235 3994 266 4058 it,
278 3993 341 4049 who
353 3994 429 4066 girus
442 3993 492 4049 the
504 3994 638 4066 requisito
652 4001 778 4056 consent,
793 3993 856 4047 who
869 3993 958 4065 helps,
969 3994 1033 4049 who
1047 3994 1170 4052 receives

55 4078 133 4133 what
147 4078 171 4134 is
184 4079 278 4145 taken,
294 4096 327 4136 or
341 4081 404 4137 who
419 4082 602 4154 participates
618 4082 647 4134 iu
663 4080 712 4134 tho
728 4081 815 4135 crime
831 4080 860 4134 iu
875 4097 930 4152 any
945 4079 1029 4136 other
1041 4098 1111 4156 wey.
1148 4119 1150 4124 -

109 4164 174 4220 v11.
215 4167 407 4239 Secondarily,
422 4168 485 4222 who
497 4169 615 4232 advises,
629 4167 744 4239 praises,
759 4183 905 4238 approres.
945 4167 1000 4222 See
1015 4168 1124 4226 Cicero.

107 4252 189 4308 v111,
226 4252 294 4308 hlso
310 4254 348 4324 by
363 4261 415 4309 not
430 4255 525 4327 doing,
540 4255 687 4327 primarily
705 4254 762 4308 and
778 4252 963 4325 secondnrily.
1010 4254 1171 4330 Primarily,

53 4339 138 4395 when
154 4356 208 4396 one
223 4339 286 4395 who
301 4341 339 4414 by
353 4341 397 4398 his
411 4358 517 4416 proper
531 4342 608 4417 right
622 4341 712 4415 ought
721 4348 751 4398 te
763 4341 859 4398 forbid
870 4340 920 4397 the
931 4347 987 4408 eet,
998 4359 1032 4399 or
1041 4341 1109 4418 help
1120 4343 1172 4401 tho

53 4443 160 4501 person
174 4428 315 4501 wronged,
328 4429 397 4487 does
410 4437 471 4487 not.
