2828 4920
69 242 141 300 Car.
153 238 252 313 XIX]
401 242 455 299 Du
476 244 577 300 JURE
600 245 856 304 SEPULTURAE.
1123 240 1188 304 233
1256 290 1258 294 ·

68 432 129 477 nee
150 409 271 498 pudore
288 406 381 474 affici.
434 408 519 475 Satis
535 407 617 475 enim
634 418 691 488 est,
718 409 751 476 id
767 411 851 497 quod
871 408 1003 478 mortuis
1019 408 1140 489 accidit,
1166 432 1188 479 a

70 511 153 579 vivis
169 510 275 586 metui,
292 518 329 577 ut
345 508 406 574 hoe
422 520 515 596 pacto
532 532 552 576 a
569 521 697 598 peceato
713 513 928 581 retrahantur.
1249 521 1252 526 '

150 615 171 676 2
207 608 335 698 Optime
352 607 434 675 enim
452 609 603 677 Platonici
620 622 731 678 contro
748 613 878 690 Stoicos,
896 612 968 680 etsi
985 610 1038 701 qui
1053 612 1106 680 alii
1122 635 1189 680 ser·

70 711 182 778 vitutis
204 721 238 778 et
260 709 362 776 morbi
383 710 502 801 fugam,
527 711 590 778 imo
613 723 646 778 et
663 735 751 800 spem
776 714 885 803 glorian
906 736 964 802 pro
984 714 1073 802 justa
1094 736 1189 795 musa

70 812 183 878 mortis
201 810 388 878 voluntariae
402 812 620 892 admittebant,
638 812 777 881 sentiunt
791 815 989 881 retinendum
1001 815 1139 881 animum
1155 815 1189 882 in

69 913 214 979 eustodia
230 911 379 1000 eorporis,
401 935 459 978 nec
479 912 597 1000 injussu
614 914 691 1000 ejus,
716 937 737 980 a
754 937 816 1002 quo
832 916 885 982 ille
906 916 996 983 nobis
1013 924 1062 982 est
1083 915 1187 994 datus,

70 1036 113 1080 ex
130 1013 192 1080 hae
208 1012 274 1081 vita
285 1012 544 1103 demigrandum3
563 1035 657 1100 quam
671 1015 704 1079 in
721 1039 788 1082 rem
804 1016 903 1082 multa
914 1017 1023 1083 ridere
1039 1025 1088 1083 est
1102 1015 1189 1105 apud

71 1115 243 1191 Plotinum,
259 1114 531 1203 olympiodorum,
549 1124 582 1181 et
595 1115 789 1182 hlaerobium
802 1117 845 1183 ad
858 1117 1011 1183 somnium
1025 1116 1188 1205 Scipionis.

73 1218 186 1282 ¹Hanc
208 1215 395 1283 sententiam
417 1226 542 1282 secutus
564 1216 684 1282 Brutus
706 1216 782 1334 olim
802 1218 930 1341 Catopis
949 1217 1076 1294 facturn,
1103 1217 1187 1304 quod

71 1316 216 1384 imitatus
241 1323 351 1405 postea
373 1324 430 1392 est,
456 1316 690 1395 '‘damnarerat,
717 1314 757 1392 nie
783 1314 847 1413 οὐχ
870 1315 960 1388 denen
985 1309 1048 1387 οὐδ’
1075 1310 1257 1443 α’νδρὸςΒΜ
1200 1337 1315 1377 Pteria
1348 1384 1351 1390 ,

72 1447 178 1509 εργον
195 1415 382 1511 ὑποχωρεῖν
399 1447 449 1505 τῳ
433 1409 600 1495 δαίμονι,
619 1420 672 1486 καὶ
689 1449 735 1499 μη
724 1411 970 1513 δέχεσθαι
928 1449 972 1487 πο
988 1421 1187 1496 συμπῖπτον
1200 1385 1291 1472 ΜΕ

73 1513 186 1595 ἀδεῶς,
216 1515 294 1586 ἀλλ
330 1510 424 1586 ὑποδι
426 1490 590 1610 dpdenenn
626 1521 746 1605 qnippe
771 1544 829 1586 enee
852 1523 951 1606 pium
976 1542 1105 1588 cenaene
1131 1542 1190 1587 nec

76 1622 176 1685 uirile
192 1621 302 1685 cedere
314 1620 473 1704 fortune,
500 1633 530 1686 et
556 1621 763 1686 imminentia
785 1623 936 1696 aduerso,
960 1643 1032 1704 (μνον
1044 1622 1190 1707 serenda

66 1722 212 1806 sortiter
237 1732 344 1796 ονοην,
372 1721 601 1806 subterfugere.
667 1721 711 1786 Et
742 1721 964 1809 Megasthenes
991 1720 1122 1789 notabat
1150 1720 1215 1828 ab
1203 1735 1271 1775 δίον
1279 1743 1345 1784 ¹¹

78 1820 233 1886 Indorum
250 1818 373 1906 sapient
359 1818 444 1885 tibus
465 1820 691 1906 reprehensum
716 1820 825 1886 Caleni
841 1821 968 1899 factum,
990 1842 1093 1909 neque
1109 1783 1227 1887 enim⁷¹

79 1943 190 1988 eorum
206 1919 329 2009 placitis
345 1919 474 2008 probari
497 1920 613 1987 ’talem
628 1920 746 1987 exitum
763 1919 924 1987 hominum
941 1919 1015 1987 ritae
1029 1918 1195 2010 impatien·
1278 1932 1292 2012 Α,
1341 1931 1345 1936 “

127 2109 138 2135 ¹²
150 2102 250 2150 Pasrs'm
259 2100 386 2162 receptum]
401 2101 507 2150 Athenis
517 2103 615 2150 AEschl-
664 2119 743 2149 νατον
753 2099 853 2161 θράσος,
866 2099 977 2158 ἀνόητον
985 2101 1032 2148 τοῦ
1042 2117 1075 2149 πα
1083 2099 1198 2160 δραστη-

79 2178 120 2226 nis
145 2183 256 2238 tempore
275 2176 327 2237 eJus
348 2176 390 2236 qui
410 2190 436 2223 se
455 2165 624 2224 tntert'eeiaset'
664 2177 719 2235 ρίου
733 2176 876 2238 πρόσχημα
890 2178 935 2223 οὐκ
950 2175 1076 2236 εὐπρεπὲς
1088 2179 1146 2223 τοῖς
1163 2190 1196 2236 γε

79 2268 169 2301 manus
185 2253 285 2300 seorsim
298 2267 314 2299 a
328 2266 430 2312 corpore
443 2253 615 2312 sepeliebatur.
665 2252 871 2311 σώφροσινεῖνοι
881 2253 961 2300 δοκεῖ.
974 2251 1068 2298 καίτοι
1079 2249 1121 2297 nal
1135 2251 1196 2297 τοῦ·

80 2330 212 2378 AEschines
222 2330 248 2375 in
257 2328 438 2389 Ctesiphontem,
446 2327 516 2388 (pag.
524 2327 569 2376 309
580 2327 616 2386 n.)
664 2344 697 2372 πο
707 2326 884 2386 ἐκλογίζεσθαι
899 2326 957 2388 χροὶ,
967 2325 1001 2387 μή
1014 2343 1043 2372 τι
1054 2325 1148 2386 δόξητε
1161 2325 1197 2372 sis

80 2407 156 2454 Adde
164 2404 331 2466 Hegesippnm
342 2403 396 2451 Lib.
405 2416 446 2451 ru.
457 2417 509 2464 cap.
522 2405 561 2451 17.
664 2401 698 2447 τό
718 2400 786 2447 θεῖον
805 2401 971 2462 ἀγνωμονεῖν,
989 2400 1037 2450 dne.
1078 2399 1198 2447 Violentus

129 2480 137 2510 ¹
155 2481 246 2529 Confer
260 2480 476 2527 Purnsnonrrurs
497 2483 615 2536 nostrum,
665 2477 1069 2538 uitaeexitnsress'nutr'lisetplene
1081 2475 1197 2539 inspien-

80 2558 123 2605 De
132 2557 195 2604 Jnre
206 2555 377 2604 Nat.etGent.
388 2553 443 2601 Lib.
453 2567 484 2601 rr.
494 2568 515 2602 a
526 2553 616 2614 4.§19.
664 2553 936 2616 tisinpetne,etn'llnin
946 2559 1042 2600 mortem
1049 2554 1136 2615 serens
1151 2566 1198 2599 en-

80 2634 110 2682 Ι.
121 2635 157 2682 B.
660 2633 747 2690 *decim
757 2632 856 2679 consilio
868 2646 920 2679 curn
934 2637 1026 2690 curent,
1040 2631 1197 2692 praetem

127 2717 140 2742 ¹
154 2707 336 2770 Damnneernt]
363 2709 397 2755 Et
413 2708 615 2768 Philosophorum
658 2707 788 2766 judicetur
802 2707 1139 2769 innmsocnisornnndinte
1153 2721 1197 2754 ne.

81 2801 132 2835 uon
144 2785 215 2847 pauci
225 2791 295 2832 extro
305 2785 408 2832 Stoicos.
438 2782 530 2830 Seneca
544 2783 614 2842 epist
665 2797 850 2843 menrenrpnre.
885 2783 944 2830 uun
958 2797 1014 2830 nero
1028 2781 1126 2830 entitur
1133 2783 1199 2844 eont-

80 2877 149 2912 nxx.
178 2861 286 2909 Invenies
300 2862 373 2908 etiem
382 2860 506 2921 proferres
519 2860 615 2919 snpien-
665 2858 931 2916 taruannensem
939 2858 995 2906 sitta
1003 2858 1103 2921 merati.
1115 2857 1196 2920 (Hm.

76 2940 151 2996 *tiana
168 2939 210 3000 qni
221 2939 269 2985 nim
284 2937 430 3000 efferendam
443 2936 496 2982 nite
511 2948 561 2981 ενα
575 2948 616 2980 ne·
665 2933 739 2981 Mne.
750 2948 803 2994 cap.
814 2934 862 2995 12.)

81 3020 145 3078 cent,
159 3020 182 3061 et
196 3015 266 3074 nefas
274 3013 383 3072 judn'eent
396 3013 474 3072 n'psnns
483 3012 616 3057 ἰνίον-οπω-
710 3018 721 3053 5
735 3010 816 3057 Talena
826 3010 914 3058 exitum
923 3011 1042 3058 hemissum
1051 3012 1107 3058 nito
1116 3011 1196 3072 ι’νιρο-

81 3106 133 3138 rem
142 3090 252 3151 snn'flerr'.
283 3085 616 3150 Expectendnmeeseeritnm
665 3084 782 3146 tientinm]
808 3087 878 3133 Idem
898 3087 1021 3134 Arabibns
1040 3087 1126 3148 risum,
1147 3101 1197 3134 non

82 3182 152 3229 quem
161 3172 251 3213 nature
262 3165 373 3213 decreuit.
405 3163 538 3222 Procopins
555 3160 615 3208 Got-
665 3161 744 3206 minus
759 3175 831 3221 quam
850 3162 919 3210 Indis
936 3169 962 3210 et
976 3162 1065 3221 Persis,
1079 3177 1110 3210 ex
1128 3161 1196 3212 Jobo

82 3244 201 3290 enicem
211 3255 246 3289 tv.
261 3241 345 3302 filaret
354 3236 527 3297 καταστροφή
535 3235 616 3295 ἅχρη-
665 3237 744 3284 disens
755 3249 797 3284 111.
808 3239 846 3284 21.

83 3336 147 3366 eros
157 3318 199 3366 καὶ
207 3318 281 3365 ἄνοια
291 3313 432 3376 προπετὴς,
443 3314 475 3360 τὸ
486 3313 511 3360 δὲ
524 3313 559 3359 ele
572 3310 616 3359 ta'-

83 3568 161 3624 whnt
175 3568 199 3623 is
216 3567 291 3624 done
305 3574 336 3624 to
351 3567 401 3623 the
416 3566 489 3622 dead
501 3567 596 3622 detera
610 3565 661 3623 the
673 3566 772 3640 living.
788 3575 791 3580 ’

139 3662 156 3711 2
179 3655 241 3711 The
260 3655 415 3710 Platonists
430 3654 538 3726 argued
557 3654 627 3719 well,
641 3656 751 3725 ngalust
770 3653 820 3710 the
839 3652 932 3711 Stoies
946 3654 1004 3710 and
1022 3655 1119 3714 others
1133 3657 1198 3717 who

81 3743 208 3816 thought
221 3743 286 3799 that
297 3743 347 3800 the
364 3743 439 3798 need
451 3743 484 3797 of
495 3759 513 3796 a
527 3742 627 3813 refuge
645 3743 720 3797 from
739 3741 849 3814 slas-cry
867 3742 924 3797 ond
938 3742 1056 3809 disense,
1075 3743 1134 3800 and
1147 3746 1199 3801 the
1295 3793 1297 3797 ,

82 3831 160 3904 hope
180 3832 215 3887 of
228 3831 317 3904 glory,
333 3848 406 3887 were
418 3831 483 3905 just
497 3846 593 3884 causes
612 3829 645 3883 of
660 3846 678 3882 a
693 3829 841 3900 voluntnry
853 3829 948 3885 death.
986 3830 1067 3902 They
1078 3831 1198 3903 replied‚

82 3919 148 3975 that
162 3918 212 3974 the
226 3920 290 3974 soul
308 3909 384 3974 must
398 3919 507 3974 remaiu
529 3924 560 3972 nt
578 3918 614 3970 its
628 3928 693 3988 post
706 3917 735 3969 in
750 3917 800 3971 tho
814 3917 899 3990 body,
915 3917 972 3972 and
987 3918 1051 3973 thet
1065 3933 1106 3974 we
1121 3928 1198 3974 must

82 4011 136 4060 not
148 4007 210 4076 qun
224 4006 280 4060 uns
292 4006 343 4061 rue
355 3990 475 4061 winton
490 4005 542 4060 urs
560 4005 639 4059 leave
654 4003 716 4059 nuo
729 4003 829 4075 puceu
845 4022 877 4060 us
893 4005 922 4059 in
937 4006 975 4061 n:
995 4021 1026 4059 as
1038 4022 1080 4062 we
1092 4005 1152 4060 ene
1166 4005 1198 4060 in

83 4092 223 4156 Plotinus,
243 4092 472 4164 olympiodorus,
489 4092 659 4148 Macrobius.
703 4091 749 4145 On
764 4091 820 4145 this
842 4092 962 4163 ground,
980 4093 1095 4156 Brutus,
1110 4098 1142 4147 at
1158 4109 1198 4149 an

83 4179 187 4233 earlier
204 4179 313 4249 period,
331 4181 509 4237 condemned
524 4179 574 4235 the
591 4187 638 4234 act
654 4178 688 4232 of
705 4178 785 4243 Cato,
797 4177 889 4232 which
904 4177 940 4233 he
953 4179 1119 4236 afterwards
1132 4179 1197 4235 imi·

82 4263 173 4320 tated.
220 4266 275 4320 See
290 4267 436 4324 Plutarch.
483 4268 549 4323 And
563 4265 762 4338 Megasthenes
776 4265 864 4320 noted
881 4265 943 4320 that
957 4265 1007 4321 tho
1021 4273 1068 4321 aet
1083 4265 1117 4321 ot
1133 4267 1197 4322 cal·

82 4368 163 4415 anus,
179 4345 254 4422 [who
266 4352 354 4410 bnrnt
365 4354 480 4411 himself
496 4356 526 4410 in
541 4354 590 4411 the
601 4370 737 4426 presence
749 4351 783 4406 of
792 4352 953 4408 Alexander
966 4352 1024 4408 and
1038 4352 1082 4410 hin
1094 4349 1195 4428 ποορ]
1294 4344 1298 4349 ⁴

82 4456 139 4496 wne
156 4438 270 4496 blamed
287 4441 325 4515 by
342 4441 392 4499 the
409 4444 475 4499 nise
489 4459 556 4498 men
576 4442 610 4497 ot
622 4440 671 4497 the
685 4439 817 4505 Indtans3
836 4439 881 4495 for
895 4439 959 4496 that
978 4439 1054 4498 their
1068 4441 1198 4499 doctrine
