2828 4920
66 273 155 334 cnr.
171 275 254 344 XX]
533 277 585 332 DE
608 277 747 333 POENIS.
1137 271 1201 338 247

71 443 266 534 puniendos.
319 441 432 530 Neque
460 443 495 509 id
525 466 635 512 rerum
666 452 732 511 est:
749 445 874 512 ‘multis
903 444 986 512 enim
1017 443 1202 513 nocentibus

72 545 185 611 multa
207 551 240 610 et
262 545 350 609 Deus
374 554 407 609 ct
428 544 568 610 homines
589 545 776 623 condonant,
803 569 903 633 eoque
927 544 1052 613 nomine
1077 545 1200 611 laudari

74 644 195 712 solent.
249 643 383 709 Celebre
407 653 455 710 est
442 645 544 710 ttPla
531 645 610 710 tonis
628 643 818 721 dictum,’
782 676 819 714 ov
843 674 918 741 γαρ
944 644 1000 716 ἐπὶ
1021 677 1105 736 κακῳ
1090 638 1230 763 δίκη
1212 668 1298 754 oenc
1305 669 1320 708 1.
1329 669 1358 709 u.

76 746 219 836 ‘yiveruc
238 736 431 824 ουδεμῖαἻ
398 753 431 810 eb
447 740 586 823 alibi,
550 775 615 839 ουχ
632 742 726 814 ἕνεκα
745 775 806 815 του
827 750 1099 868 κακουργῆσαι]
1072 714 1099 815 dl
1096 717 1297 860 '‘lm‘sslaill
1286 742 1322 823 sp.

1101 840 1136 914 δί
1173 849 1181 870 Ι

77 836 169 927 dixu,
194 838 244 926 (οὗ
262 841 333 937 ’γὰρ
357 839 400 912 ‘cd
416 844 561 936 ’γε’γοιός
584 841 753 936 ἀγένητον
773 876 873 916 εσται
896 847 997 934 ποτὲ)
1020 851 1082 917 τοῦ
1101 840 1198 922 deero

77 940 149 1015 τὸν
164 937 292 1017 αὖθις
275 974 369 1013 ειεκα
387 942 518 1039 χρόνον.
564 947 682 1025 Quod
674 956 719 1014 ita
735 947 831 1015 vertit
849 949 987 1016 Seneca.
1013 971 1103 1015 cremo
1114 970 1199 1036 pru·
1211 967 1316 1017 mirac
1328 967 1358 1008 ¹⁶»

78 1046 166 1114 dene
186 1048 292 1132 puoc't
309 1049 391 1132 quia
409 1059 581 1133 peccatum
610 1061 666 1125 cot,
693 1051 749 1115 scd
774 1071 813 1116 uc
832 1063 993 1136 peccetur.
1035 1051 1200 1116 Rcuoeurc‘

78 1148 173 1214 enim
194 1150 370 1234 preterita
399 1170 463 1214 uon
487 1160 646 1232 poscunt:
672 1151 801 1233 futura
824 1153 1050 1236 probibentur.
1109 1148 1199 1215 Idem

81 1245 182 1314 alibi:
209 1271 250 1314 cte
272 1248 398 1314 homiui
423 1250 554 1334 quidem
581 1251 765 1316 uoccbc‘mue
790 1253 872 1333 qtcc'a
892 1251 1054 1337 peccauit,
1079 1251 1136 1316 scd
1160 1271 1337 1316 cccccccccc.

72 1361 215 1436 peccet.-
238 1370 463 1435 necunquam
485 1350 532 1414 ad
548 1352 766 1435 preteritum,
784 1352 840 1416 sed
858 1353 905 1416 ad
919 1353 1080 1436 futurum
1094 1371 1200 1435 pecua

82 1450 268 1534 referetur:
293 1471 357 1514 uon
370 1451 455 1514 euim
472 1450 642 1526 irascitur,
660 1452 716 1516 scd
732 1462 832 1516 cavet.
867 1450 962 1537 Apud
979 1448 1199 1538 Thucydidem

83 1547 247 1614 Diodorus
263 1549 304 1616 do
320 1547 513 1634 Mitylenaeis
531 1549 572 1614 ad
592 1549 800 1615 Athenienses
817 1551 915 1616 rerba
931 1549 1068 1615 faciens:
1097 1543 1137 1629 ἥν
1157 1577 1199 1617 τε
1211 1569 1336 1612 usuca

84 1643 161 1742 Ὑᾶρ
184 1644 351 1743 ἀποφήνω
378 1643 467 1717 πάνυ
495 1641 687 1719 ἀδικοῦντας
715 1647 843 1727 adforis,
873 1647 910 1718 ed
935 1642 986 1717 dcci
1013 1651 1119 1717 τοῦτο
1147 1652 1200 1717 καὶ

83 1744 283 1818 ἀποκτεῖναι
300 1745 458 1830 κελεύσω,
475 1749 502 1816 εἰ
517 1747 560 1831 μή
578 1745 757 1844 ξυμφέρον·
781 1762 819 1816 ut
835 1752 976 1817 marcitae
991 1750 1068 1815 illoc
1082 1749 1201 1835 injuste

84 1849 189 1934 cpiscc
212 1848 433 1935 pronuntiem,
463 1871 528 1916 ooo
557 1863 588 1916 ct
621 1852 859 1934 interficiendos
891 1851 1029 1928 cencede,
1063 1851 1133 1916 uici
1162 1850 1202 1916 c‘d

85 1950 251 2034 etpediat.

157 2050 178 2114 2
210 2049 275 2115 Sed
291 2047 361 2115 haec
373 2047 406 2115 in
418 2047 594 2115 hominibus
611 2047 809 2136 punientibus
825 2070 902 2116 vera
912 2056 1004 2115 sunt:
1021 2070 1095 2115 uam
1106 2047 1201 2114 homo

84 2148 134 2216 ita
150 2147 269 2214 homini
285 2148 379 2214 alteri
399 2148 469 2235 ipsa
485 2148 753 2237 consanguinitate
775 2149 933 2237 alligatur,
957 2141 1015 2215 hut
1036 2169 1150 2214 nocere
1170 2145 1201 2215 ei

85 2270 152 2314 non
169 2248 294 2326 debeat,
312 2247 462 2314 nisibeni
478 2247 607 2334 alicujus
623 2248 830 2334 consequendi
847 2270 948 2314 causa.
993 2249 1033 2314 In
1049 2249 1120 2314 Deo
1137 2244 1201 2314 alia

86 2370 140 2414 res
161 2356 219 2424 est,
242 2349 284 2414 ad
301 2370 397 2462 quem
412 2348 502 2413 Plato
527 2347 627 2414 dictas
649 2360 719 2414 seut
706 2347 819 2414 tentius
842 2348 924 2413 male
946 2347 1096 2415 extendit
1137 2345 1199 2413 Dei
1212 2361 1277 2447 our
1285 2372 1306 2410 n

55 2451 58 2454 ’
87 2447 171 2514 enim
189 2446 326 2512 actiones
341 2447 388 2512 nit
389 2446 399 2512 i
416 2455 546 2534 possunt
566 2447 634 2534 ipso
649 2448 760 2512 summi
780 2446 933 2512 dominii
919 2469 1002 2534 yurc,
1023 2409 1249 2535 praesertimm

87 2546 143 2612 ubi
161 2546 252 2613 merit
254 2568 305 2611 um
239 2546 451 2613 thomiris
468 2545 603 2633 speciale
615 2547 745 2624 accedit,
764 2547 887 2612 etiamsi
897 2546 996 2612 finem
1009 2546 1127 2614 ntrllum
1143 2545 1204 2612 sibi

87 2654 267 2735 proponant
291 2654 384 2712 extra
407 2644 510 2733 ipsust
534 2654 567 2711 et
587 2645 632 2712 ita
648 2646 780 2715 Hebraei
802 2646 929 2732 quidam
947 2646 1106 2734 explicant
1125 2644 1203 2713 illud
1216 2655 1278 2742 3103.
1280 2654 1353 2741 {gyge

1216 2749 1263 2788 dub
1274 2748 1296 2786 ΙΙ.
1306 2747 1334 2785 13.

133 2821 279 2882 sNuncuc'd
289 2822 333 2868 ct'
323 2822 372 2882 ψει·
385 2821 434 2868 talc
449 2822 547 2882 aliquid
559 2837 623 2870 coru·
717 2820 729 2855 l
750 2822 784 2869 Ut
794 2834 878 2869 nocere
893 2822 917 2869 ci
932 2836 979 2868 uon
994 2822 1077 2870 debeat
1088 2823 1137 2870 aiei
1150 2821 1206 2869 boni
1216 2793 1368 2880 ffissluffi

87 2895 206 2956 misimus]
217 2896 329 2942 Pertinet
338 2897 386 2942 buc
392 2901 417 2943 et
422 2897 546 2943 Ambrosii
555 2897 623 2944 locus
672 2897 776 2955 clicerius
786 2897 940 2956 consequendi
948 2896 1034 2959 cerua]
1048 2897 1206 2946 Cassiodorus
1217 2888 1236 2926 ⁴·

88 2985 199 3018 sermons
211 2987 253 3020 xx.
264 2973 289 3017 in
300 2973 433 3030 Psalmum,
450 2973 549 3020 Beati'
540 2987 623 3019 emma-
674 2970 731 3032 [aut
741 2971 822 3031 potins
833 2971 920 3018 Petrus
930 2971 1063 3032 Blesensis]
1075 2971 1105 3018 de
1113 2970 1205 3018 Amici-

88 3047 173 3104 culati,
188 3047 219 3091 nd
229 3047 381 3104 versiculum,
396 3048 567 3095 Miserationcs
577 3053 624 3094 tuoe
672 3046 724 3094 tia:
747 3044 812 3105 quod
830 3045 853 3089 ai
872 3059 957 3091 manua
976 3060 1026 3092 una
1045 3059 1103 3092 casu
1121 3047 1205 3107 aliquo

88 3121 188 3178 domiue,
213 3122 306 3178 (Serm.
323 3137 363 3168 xx.
382 3137 402 3170 c.
417 3127 442 3170 4.
464 3137 488 3183 p.
502 3124 562 3172 1593
582 3123 621 3180 o.)
665 3122 735 3183 ficrte
748 3120 821 3166 Ioedat
837 3120 946 3176 alteram,
963 3121 1008 3166 illa
1023 3135 1077 3182 que
1092 3122 1152 3169 loeca
1170 3127 1207 3170 cet

88 3196 178 3242 citatm
194 3209 265 3241 causa
281 3207 321 3242 ru.
337 3197 472 3255 questione
487 3199 528 3244 rii.
545 3199 576 3258 (c.
588 3198 623 3257 4.)
672 3211 719 3243 non
728 3195 864 3254 repercutit,
874 3208 946 3242 acccc
955 3196 1026 3257 cripit
1032 3198 1058 3243 in
1067 3197 1205 3247 vindiciano.

87 3271 148 3320 item
160 3269 297 3318 cassiodori
307 3282 343 3318 vx.
353 3271 391 3317 21.

89 3516 172 3573 these
186 3532 235 3570 are
249 3515 329 3571 often
347 3515 459 3587 praised
478 3532 516 3569 on
531 3515 594 3570 that
608 3522 738 3570 account.
773 3514 879 3571 Plato's
894 3515 992 3586 saying
1004 3515 1028 3571 is
1042 3515 1205 3572 celebrated

90 3602 134 3670 (in
153 3602 198 3657 his
213 3600 316 3670 Laws),
335 3601 425 3656 which
447 3601 556 3656 Seneca
570 3600 729 3666 translates,
742 3602 787 3656 No
801 3603 862 3656 wisc
877 3620 943 3655 uren
960 3603 1084 3673 wolpher
1098 3605 1205 3678 muco

89 3708 166 3744 turon
200 3690 248 3742 ltus
261 3690 408 3753 bccccdcuc,
422 3689 469 3742 but
483 3688 512 3740 iu
527 3689 608 3741 order
622 3689 680 3742 that
696 3706 772 3742 ceron
807 3691 836 3744 be
850 3699 895 3742 ποι
910 3690 994 3742 docte:
1013 3689 1069 3742 and
1084 3705 1116 3744 so
1131 3689 1204 3752 else,-

89 3761 203 3840 where3
222 3773 278 3829 and
290 3777 321 3829 in
336 3773 523 3846 Thucydides.

125 3913 130 3923 ,
143 3869 161 3917 2
184 3862 252 3917 This
267 3863 290 3916 is
303 3869 366 3916 true
378 3863 407 3915 in
420 3861 526 3914 human
541 3859 753 3931 punishments;
767 3861 814 3915 for
825 3877 891 3916 men
906 3876 955 3915 are
967 3876 999 3914 so
1011 3857 1108 3913 bound
1122 3856 1203 3929 toge-

89 3949 157 4005 ther
172 3949 211 4019 by
226 3948 302 4003 their
321 3965 452 4003 common
466 3954 577 4009 nature,
597 3945 660 4000 that
675 3945 744 4017 they
758 3948 848 4018 ought
862 3954 913 4002 not
931 3953 961 4001 to
977 3946 1014 4001 do
1034 3944 1104 4001 each
1119 3944 1203 4000 other

89 4035 182 4098 haran,
197 4042 298 4106 except
312 4036 358 4089 for
372 4035 421 4089 the
436 4035 503 4088 sake
519 4033 552 4088 oi
564 4048 642 4086 some
656 4032 730 4102 good
746 4039 777 4087 to
792 4033 828 4087 be
843 4032 980 4088 attained.
1019 4032 1054 4086 Iu
1069 4030 1134 4085 God
1154 4030 1204 4085 the

91 4136 155 4176 caso
173 4120 197 4173 is
213 4120 354 4184 different,
366 4121 422 4174 and
438 4121 521 4174 Plato
537 4119 605 4173 does
619 4119 649 4171 ill
667 4119 696 4172 in
712 4119 866 4190 extending
878 4119 936 4173 this
951 4118 1079 4173 doctrine
1091 4125 1122 4172 to
1132 4115 1203 4170 him.

90 4207 149 4262 For
163 4205 213 4261 the
228 4207 336 4260 actions
351 4207 384 4259 of
397 4206 461 4260 God
476 4223 542 4278 may
562 4205 675 4276 depend
690 4221 728 4258 on
743 4204 786 4258 his
804 4205 880 4275 right
895 4205 928 4258 oi
942 4205 1080 4274 Supremo
1096 4201 1204 4257 hutho-

90 4294 157 4364 rity,
173 4293 323 4365 especially
338 4292 420 4346 when
438 4292 520 4347 thero
533 4293 556 4347 is
571 4308 649 4346 some
664 4292 768 4362 special
789 4293 872 4345 merit
884 4288 929 4358 [or
940 4282 1074 4353 dcmcrit]
1089 4288 1123 4344 of
1138 4305 1205 4343 mon

90 4381 122 4434 in
136 4379 273 4444 addition,
292 4378 431 4451 although
448 4379 485 4435 he
499 4396 622 4452 proposo
636 4386 667 4434 to
679 4377 796 4433 himself
808 4395 845 4434 no
860 4377 993 4434 extrinsie
1008 4376 1081 4432 eud:
1104 4374 1161 4431 and
1173 4391 1204 4431 so

90 4465 141 4521 the
157 4464 277 4522 llebrovc
298 4473 520 4523 commentatore
534 4466 648 4540 explain
666 4467 751 4522 Prov.
767 4466 822 4519 xri.
838 4471 871 4519 4:
893 4464 948 4536 Tic
958 4464 1038 4520 Lord
1050 4463 1116 4520 both
1126 4458 1206 4540 uredo
