2828 4920
86 235 252 312 0ar.XV.]
303 241 357 297 Du
379 242 601 301 FEDERIBUS
624 243 673 301 AC
696 243 992 301 SPONSIONIBUS.
1145 235 1209 303 147

88 401 209 490 injusta
220 402 305 470 bella
313 403 432 470 nullam
444 428 513 473 esse
526 407 758 497 obligationem.
784 409 891 487 Quare
908 405 1206 495 uquifederutorum

82 502 205 589 justam
221 503 320 570 habet
331 504 406 570 belli
418 527 544 572 cauam
558 509 786 594 praeferendus,
801 508 909 574 sicum
926 517 1077 574 extranco
1089 527 1142 572 res
1154 503 1206 574 sit.

84 603 197 668 Etiam
214 602 242 668 si
259 625 329 669 cum
341 603 403 670 alio
420 604 583 674 federato:
604 609 657 674 Sic
674 608 816 674 oratioue
836 608 877 674 de
894 605 1085 696 Megalopoli
1103 613 1207 673 osteu-

83 701 133 768 dit
155 702 400 780 Demosthenes,
423 706 587 772 Messeniis
609 707 699 772 sociis
721 717 832 774 contra
855 706 1107 773 Lacedaemonios
1128 706 1205 772 item
1218 715 1300 767 nvo

79 800 188 867 socios
211 821 305 889 opem
320 801 400 868 ferri
420 804 461 870 ab
483 805 726 873 Atheniensibus
749 807 876 884 debere,
900 807 926 873 si
944 807 985 872 ab
1005 805 1055 871 bis
1077 804 1207 892 incipiat

76 898 216 988 injuria.
257 900 322 968 Sed
338 900 372 968 id
388 903 435 970 ita
451 927 582 983 verum3
603 905 662 970 nisi
679 907 859 972 convenerit
876 907 935 973 hoe
952 926 1076 993 quoque
1092 927 1133 971 ne
1149 903 1206 970 ad·

73 1021 202 1066 sersus
216 1021 288 1067 sum
302 1002 420 1070 auxilia
435 1005 562 1070 mittere
579 1005 679 1070 liceat.
716 1007 755 1071 In
771 1005 914 1093 pactione
932 1003 1118 1072 Hannibalis
1135 1024 1206 1069 cum

69 1099 317 1168 Macedonibus
334 1113 425 1171 erate
450 1106 608 1171 Hostium
630 1107 735 1173 Ιιονινο
751 1109 883 1184 erimus,
906 1108 1047 1192 coeptio
1063 1106 1204 1190 regibus,
1217 1118 1292 1171 ruys
1302 1120 1368 1162 vna

65 1201 298 1281 ciuitatibus,
324 1216 356 1270 et
371 1208 532 1290 portubus
553 1207 743 1292 quibuscum
758 1208 863 1292 fedus
879 1209 971 1274 scobis
994 1218 1024 1273 et
1050 1206 1206 1271 curicitia

64 1313 138 1369 est.
1309 1303 1319 1315 '

165 1403 192 1467 2
227 1401 320 1481 Quod
337 1401 365 1470 si
381 1402 514 1471 federati
534 1403 617 1471 inter
634 1428 668 1472 se
691 1405 924 1472 committantur
940 1404 1040 1471 causis
1056 1403 1205 1491 utrinque

63 1500 225 1589 injustis,
243 1503 326 1588 quod
340 1502 483 1570 accidere
500 1513 613 1591 potest,
631 1515 765 1592 utraque
780 1515 872 1593 parte
895 1502 1114 1571 abstinendum
1132 1501 1202 1569 erit.

66 1603 138 1668 Sic
165 1601 202 1667 in
226 1602 389 1668 Leuctrica
415 1604 564 1670 Aristidis
589 1606 699 1691 quinta
725 1606 849 1682 dicitur,
875 1613 903 1673 εἰ
928 1601 987 1687 μὲν
1003 1599 1056 1672 ἐπ’
1080 1595 1204 1670 ἄλλους

66 1697 241 1778 ἐκάλουν,
257 1695 375 1794 ῥαδίως
391 1697 439 1772 ὅν.
464 1699 514 1772 ἐπ’
532 1701 703 1786 ἀλλήλους
720 1697 755 1773 δὲ
774 1700 974 1782 καλούντων,
992 1708 1050 1773 οὑκ
1073 1697 1205 1772 ἐθέλειν

67 1801 259 1895 παρεῖναι·
283 1804 331 1870 ‘aa‘
346 1806 477 1891 quidem
493 1807 531 1870 in
547 1807 634 1873 alios
649 1808 815 1871 auxilium
826 1817 1004 1891 poscerent,
1014 1805 1124 1890 facile
1138 1824 1205 1871 asse

67 1904 278 1988 nepotium:
303 1905 358 1970 cios
373 1907 535 1971 sociorum
551 1907 637 1972 alter
654 1909 691 1971 c'u
705 1907 854 1981 alteritus,
873 1906 956 1972 oolla
972 1927 1006 1972 oe
1022 1904 1163 1970 urucae

165 2003 189 2067 3
226 2002 319 2080 Quod
333 2003 361 2070 si
373 2003 508 2071 federati
523 2005 556 2071 in
572 2005 649 2071 alios
665 2005 781 2072 bellent
792 2006 880 2093 justa
895 2003 1025 2091 quisque
1043 2003 1083 2070 de
1100 2024 1203 2082 causa,

74 2102 109 2168 si
138 2102 271 2190 utrique
293 2103 412 2169 auxilia
437 2103 518 2170 mitti
539 2113 679 2193 possunt,
703 2114 782 2192 puta
802 2106 835 2170 in
859 2105 957 2171 milite
981 2112 1038 2170 aut
1062 2101 1203 2190 pecunia,

76 2203 247 2271 mittenda
263 2211 366 2280 erunt,
384 2211 420 2270 ut
435 2204 472 2269 fit
488 2204 570 2270 circa
587 2205 757 2271 creditores
773 2203 959 2293 personales.
1003 2204 1048 2269 At
1064 2202 1091 2267 si
1107 2201 1205 2290 ipsius

80 2304 145 2392 qui
170 2302 313 2392 promisit
337 2303 506 2392 praesentia
534 2304 715 2392 requiritur,
748 2304 818 2390 qnae
844 2303 1005 2369 indiuidua
1032 2309 1092 2380 est,
1122 2288 1224 2368 ratio

81 2404 231 2494 postulat
254 2406 313 2471 ‘ut
337 2404 526 2492 praeferatur
551 2425 622 2470 oum
648 2426 710 2492 quo
730 2403 888 2491 antiquius
910 2412 959 2470 est
982 2402 1093 2480 sedus3
1120 2399 1206 2489 quod

82 2577 212 2642 prestabo
221 2578 349 2626 cnsilium.
375 2577 464 2639 (Feud.
475 2591 505 2624 11.
517 2576 552 2638 ⁷.)
676 2576 742 2637 quod
751 2575 881 2636 prudentia
890 2574 1036 2635 postulabat.
1065 2573 1139 2622 Η.

136 2653 150 2683 ⁶
164 2655 244 2703 Iocus
254 2661 293 2702 est
303 2655 375 2703 Tem.
385 2668 415 2702 11.
425 2668 484 2716 pag.
494 2656 547 2701 220.
573 2652 625 2701 Ed.
721 2659 734 2684 ⁸
752 2651 785 2699 Ut
797 2651 947 2710 preferatur
959 2663 1011 2696 cum
1022 2663 1069 2710 quo
1083 2648 1207 2709 antiquiss

87 2731 169 2780 Paul.
179 2731 262 2792 Stept.
273 2731 316 2778 sed
327 2731 375 2786 ubi,
392 2731 413 2776 si
426 2729 578 2789 expendatur
588 2742 625 2774 se·
676 2725 799 2786 estsedus]
815 2726 878 2772 vide
888 2725 918 2771 cle
927 2725 1024 2782 Fcudr'c,
1038 2724 1092 2771 Lib.
1105 2736 1141 2784 su.
1151 2736 1206 2785 cap.

86 2803 625 2866 riesorationis,manifestopatebitagi,non
675 2803 713 2848 31.
739 2800 891 2862 [Secundum
904 2800 1043 2846 divisionem
1057 2798 1164 2859 Cnjaciie
1179 2801 1207 2846 st

88 2885 121 2931 de
128 2883 227 2944 justitia
236 2887 280 2930 sut
289 2881 409 2942 injsutitia
418 2880 485 2936 belli,
498 2879 542 2926 sed
555 2878 585 2925 ds
596 2891 625 2924 eo
677 2876 731 2924 Lib.
743 2889 773 2923 ιι.
784 2876 823 2923 tit.
832 2877 870 2923 28.
881 2875 906 2921 in
917 2874 959 2921 fin.
968 2874 1019 2921 Ed.
1034 2871 1116 2935 Vale]

88 3151 109 3189 a
124 3149 192 3198 war,
202 3137 234 3190 to
245 3132 338 3188 which
352 3132 387 3189 of
398 3138 453 3188 two
465 3132 495 3186 in
508 3129 675 3203 preference
695 3128 784 3202 ought
800 3128 837 3184 ho
852 3133 883 3184 to
895 3127 959 3199 giro
972 3127 1127 3184 assistance
1141 3125 1207 3185 who

88 3221 115 3276 is
128 3220 222 3276 under
235 3225 401 3293 agreement
416 3218 483 3274 with
495 3216 574 3273 both.
613 3217 682 3271 This
697 3217 720 3272 is
739 3217 800 3271 tirst
815 3222 846 3270 to
867 3215 903 3269 bc
919 3213 1103 3279 understood,
1118 3231 1149 3270 as
1164 3231 1207 3270 we

88 3307 166 3362 hare
188 3308 249 3362 said
272 3307 370 3383 abore
391 3305 455 3360 that
474 3321 512 3359 no
536 3320 591 3360 oue
613 3305 636 3359 is
650 3303 749 3360 bound
770 3309 800 3358 to
821 3303 1012 3378 uptus-tyara.
1049 3300 1207 3357 Therelore

88 3393 158 3449 that
169 3409 225 3447 one
237 3392 271 3447 oi
282 3393 332 3447 tbe
344 3392 424 3447 allies
436 3392 499 3446 who
514 3391 566 3445 has
577 3408 595 3446 a
603 3392 663 3461 just
684 3408 768 3446 cause
789 3392 813 3445 is
833 3397 864 3445 to
883 3387 919 3446 be
941 3386 1099 3464 preferred,
1114 3386 1140 3440 if
1154 3385 1207 3442 tho

88 3479 268 3535 transaction
283 3479 306 3532 is
321 3478 418 3533 witha
432 3484 575 3550 stranger:
600 3477 657 3531 and
672 3477 731 3533 also
746 3478 772 3532 if
783 3479 807 3532 it
821 3477 858 3532 be
870 3476 939 3532 with
961 3473 1083 3535 another
1104 3472 1138 3528 οῖ’
1157 3471 1207 3529 tho

87 3564 183 3620 allice.
229 3564 307 3619 Thus
325 3563 542 3628 Demosthenes,
563 3563 592 3616 in
613 3563 663 3618 the
686 3566 798 3620 oration
817 3564 989 3636 concerning
1008 3559 1207 3639 Megalopolis,

88 3650 188 3721 shows
201 3649 265 3706 that
285 3650 335 3707 the
354 3649 511 3706 Atheniens
532 3648 621 3720 ought
640 3656 671 3706 to
689 3652 771 3706 assist
791 3651 841 3707 the
865 3651 1049 3717 Messenians,
1072 3651 1135 3708 who
1155 3671 1206 3712 ars

86 3737 169 3795 their
184 3737 274 3803 allies,
288 3739 399 3809 against
414 3737 463 3792 the
483 3736 740 3801 Laccdaemonians,
755 3738 818 3793 who
833 3755 882 3792 aro
901 3736 962 3792 also
981 3737 1057 3792 their
1077 3740 1168 3805 allies,
1181 3741 1210 3798 u

86 3824 142 3881 the
154 3841 252 3896 wrong
264 3825 303 3879 be
315 3841 353 3879 on
368 3823 417 3879 the
436 3823 497 3878 sido
515 3822 549 3877 of
567 3821 617 3877 the
636 3822 731 3881 latter.
770 3825 805 3879 In
825 3824 875 3879 tho
896 3829 991 3896 treaty
1008 3823 1042 3878 of
1060 3825 1206 3883 Hannibal
1257 3828 1266 3845 ⁸

85 3911 161 3968 with
172 3909 223 3967 the
237 3911 448 3973 Macedonicus,
461 3911 484 3964 it
498 3908 589 3973 stood,
608 3909 656 3963 ll'c
670 3911 727 3963 wilt
742 3912 770 3964 be
785 3913 826 3966 tbc
837 3912 946 3965 esaeiuics
960 3911 1075 3985 ‹asyour
1088 3913 1205 3981 cuemics,

86 4008 180 4070 accept
191 3999 233 4055 the
247 3999 334 4068 λεῖπον,
344 4007 423 4052 states
437 3997 495 4050 arad
504 4005 584 4068 ports
595 3995 659 4049 witta
671 3997 755 4051 wlsicb
770 4014 867 4052 waere
881 3998 911 4050 iu
924 3997 1016 4068 loupiac
1029 3999 1206 4068 aradsriead·

83 4089 130 4146 sti
152 4127 160 4142 .

124 4106 168 4226 pt
198 4171 229 4226 If
244 4176 299 4226 two
315 4171 394 4225 allice
407 4169 528 4241 quarrel,
542 4167 628 4239 being
639 4167 710 4224 both
726 4169 755 4223 in
768 4169 818 4224 tho
833 4184 937 4240 wrong,
950 4167 1041 4223 which
1054 4187 1120 4246 may
1133 4171 1204 4247 hap·

85 4274 211 4336 pon,·wo
223 4263 314 4312 arcto
329 4257 397 4312 take
411 4265 476 4328 part
489 4273 526 4311 on
538 4254 651 4310 neither
661 4256 730 4311 sido,
770 4256 809 4310 So
823 4255 969 4310 Aristides.

150 4352 168 4405 3
198 4345 256 4399 But
275 4344 301 4398 if
317 4350 373 4398 two
387 4343 467 4398 allios
482 4343 565 4398 make
578 4360 635 4397 war
650 4359 687 4397 on
702 4341 799 4397 others
817 4342 864 4396 for
875 4342 935 4412 just
947 4357 1040 4409 cause,
1055 4343 1081 4397 if
1091 4361 1131 4401 we
1149 4362 1204 4403 can

85 4431 221 4517 senduaid
236 4437 266 4487 to
281 4430 361 4496 both,
375 4431 492 4488 soldicrs
511 4446 544 4487 or
566 4446 669 4504 money
681 4429 727 4486 for
748 4427 886 4501 example,
908 4445 949 4484 wc
971 4445 1021 4484 arc
1043 4430 1129 4488 todo
1151 4449 1203 4501 sos

983 4529 1101 4630 ¹1o-e
