2828 4920
44 258 121 315 (lar.
135 251 258 328 xm]
297 256 430 312 JUSTIS
453 253 590 312 elusls
613 255 873 313 suscrrmxno
895 256 1030 313 BELLO.
1098 249 1165 316 427

50 445 124 491 οιιιιι
140 445 213 512 spes
228 431 285 500 est,
300 427 445 488 ¹²terrore
467 442 505 486 ac
524 419 618 497 fama,
636 421 721 487 nullo
737 431 794 487 aut
810 421 924 512 exiguo
941 419 1079 511 periculo
1095 443 1164 488 rem

51 523 163 591 confici
179 545 289 612 posse:
314 521 406 609 quale
422 529 493 586 erat
507 520 619 587 Dionis
635 521 795 587 consilium
811 523 853 588 ad
870 523 1049 590 liberandas
1065 523 1165 613 Syra-
1175 536 1238 579 uua
1245 541 1329 586 mn.

53 647 155 692 cusas.
207 623 248 689 In
272 621 409 710 epistolis
431 621 524 686 Plinii
546 630 613 687 est:
636 626 723 709 quod
748 635 795 690 est
813 625 1075 711 pulcherrimum
1098 625 1328 692 cucusum.

55 727 150 793 torioe
164 747 276 812 penus,
296 735 417 789 terrore
428 724 625 808 perdomuit.

132 826 175 891 X.
229 827 248 890 1
284 824 378 890 Saeva
405 843 457 887 res
486 822 602 888 bellum
627 830 684 899 est,
707 820 810 910 iuquit
832 824 1029 903 Plutarchus,
1058 846 1164 891 cumu·
1175 837 1313 932 'tp-canu

54 925 184 1013 lumque
208 947 313 990 secum
336 922 462 989 trahit
454 921 638 1009 injuriarum
659 932 694 989 et
715 922 896 990 insolentiae
944 926 990 992 Et
1006 893 1197 1014 sapienter

55 1025 272 1116 Augustinus.
298 1046 435 1111 quorum
451 1024 613 1088 malorum
631 1023 684 1107 (do
705 1023 755 1088 his
777 1023 924 1111 loquitur,
941 1047 1012 1113 quie
1027 1048 1067 1093 ex
1083 1024 1222 1111 bellom
1178 1024 1261 1117 ⁰²3⁰·
1272 1025 1318 1071 Μ·

55 1127 242 1210 nascuntur)
258 1126 382 1191 multos
405 1131 436 1189 et
460 1123 658 1209 multiplices
680 1125 914 1202 clericatibus
938 1139 969 1192 et
993 1129 1099 1192 durus
1114 1147 1167 1192 ue·

56 1229 235 1303 cessitates,
255 1228 296 1303 si,
313 1237 351 1289 ut
363 1225 499 1309 clipeum
516 1236 572 1299 est,
588 1224 695 1309 eloqui
711 1225 817 1300 uelim,
830 1248 1030 1312 quamquam
1046 1248 1167 1313 uopuur

56 1350 170 1415 quom,
187 1328 273 1394 sicut
289 1347 341 1391 res
356 1325 518 1411 postulat,
532 1347 674 1408 possum,
692 1328 767 1410 puis
783 1327 846 1390 erit
856 1327 1000 1412 prolixiu
1016 1329 1168 1412 disputa.

55 1429 162 1493 tionis
189 1425 333 1492 modus?
354 1425 411 1490 secl
437 1427 579 1508 sopiens,
601 1426 765 1510 inquiunt,
787 1427 882 1508 justo
913 1427 998 1491 bellu
1018 1438 1170 1511 pestums

55 1540 131 1594 est:
157 1528 256 1613 quasi
274 1547 347 1600 uon,
368 1527 400 1590 si
420 1546 453 1589 se
476 1525 635 1589 hominem
653 1527 807 1599 uteminit,
828 1527 930 1590 multo
951 1528 1060 1611 ueayis
1083 1526 1170 1591 dole·

56 1629 112 1692 bic
139 1627 305 1711 justorum
341 1625 565 1689 necessitatem
593 1625 659 1689 sibi
691 1626 851 1691 uestitisse
882 1626 1063 1690 Bellorum:
1088 1626 1171 1711 quia

10 1728 13 1732 ’
55 1727 131 1792 uisi
145 1727 242 1810 justa
268 1735 379 1799 esseut,
402 1725 434 1788 ei
454 1724 598 1807 perendo
619 1745 684 1788 unu
706 1735 829 1790 esseut.-
852 1747 894 1789 oc
911 1747 976 1810 per
1000 1726 1059 1789 boc
1078 1725 1171 1810 sopi-

56 1828 132 1892 enti
147 1826 242 1889 uultu
260 1825 344 1889 bello
358 1834 472 1888 esseut.
510 1824 679 1907 Iniquitas
692 1826 778 1887 euim
791 1827 905 1908 partis
921 1825 1066 1890 aduersu
1074 1824 1173 1908 justu

59 1925 152 1992 bella
168 1926 289 2010 iuyerit
309 1923 454 2008 petendo
478 1924 631 2009 sapienti,
652 1924 718 1987 imo
735 1936 765 1988 et
786 1926 994 1989 necessario:
1020 1946 1092 2010 quoe
1106 1925 1172 1989 tut-

57 2027 178 2112 quitas
206 2025 332 2088 lumini
358 2025 489 2108 xutique
516 2021 666 2097 dolendo,
695 2025 776 2104 ηιιὶιι
802 2024 968 2087 homiuum
996 2036 1053 2103 est,
1083 2035 1115 2089 et
1141 2025 1174 2090 si

58 2125 162 2190 nullo
178 2145 217 2190 ex
233 2144 269 2189 eo
286 2122 432 2188 bellandi
448 2121 622 2187 necessitas
642 2134 810 2187 nuscetur.
851 2124 935 2188 Iloec
951 2124 1064 2210 itaque
1080 2123 1174 2188 mola

59 2300 127 2348 bello
133 2296 407 2360 plurimaeinimieitius,
416 2295 522 2356 plurimo
529 2301 596 2341 atro·
645 2296 775 2356 ρτοΐνειυιη
779 2301 869 2356 ponunt
877 2296 901 2341 in
908 2296 1036 2356 opulentia,
1043 2298 1067 2344 ιἰι
1075 2297 1176 2359 deliciis,

60 2377 106 2423 οἱα
120 2374 190 2432 oriri,
204 2374 280 2420 nostri
294 2372 369 2435 officii
384 2371 494 2417 ducimus
508 2371 598 2416 cunctis
646 2366 672 2411 iu
692 2368 799 2424 imperiis
818 2367 969 2425 militaribus,
989 2383 1035 2413 ηοιι
1055 2369 1081 2416 in
1099 2369 1177 2416 salute

61 2451 128 2498 Diis
137 2449 313 2509 hominibusque
321 2451 429 2493 testatum
434 2445 527 2505 faeere,
538 2457 596 2490 cnu-
642 2442 737 2502 populi,
753 2442 778 2486 in
794 2442 896 2500 latitate,
912 2444 937 2488 in
946 2443 1046 2500 justitia
1061 2460 1104 2491 ςιιο
1120 2460 1176 2493 eon·

62 2525 363 2574 semborumanobisncn
372 2537 428 2569 esse.
453 2520 598 2568 Plutarchus
645 2522 717 2563 teuta.
767 2518 903 2577 Stephanus
934 2519 1042 2565 medicus
1073 2519 1177 2567 Cherrol

64 2603 160 2658 Numa,
177 2604 247 2662 (pag.
259 2603 289 2647 78
299 2599 341 2657 ιι.)
356 2599 385 2645 τί
396 2598 447 2653 οὖν,
460 2595 539 2654 φήσει
550 2611 598 2651 τις,
647 2591 775 2638 Persarum
789 2593 842 2653 regi
857 2593 922 2652 apud
934 2593 1079 2654 Procopium
1093 2595 1178 2643 Persi.

65 2679 112 2723 οῦι.
129 2677 171 2722 ἐπὶ
180 2676 213 2722 τὸ
224 2674 329 2736 βέλτιον
341 2671 470 2732 προῆλθεν
484 2669 498 2725 ri
515 2667 597 2726 Ῥώμη
648 2680 728 2713 cerum
739 2680 768 2713 ιι.
784 2668 880 2721 οὐκοῦν,
891 2666 909 2713 ὦ
922 2667 1047 2727 κράτιστε
1057 2672 1176 2729 βασιλεῦ,

65 2755 126 2797 τοῖς
142 2749 282 2809 τολὲμοις;
303 2747 404 2805 ἐρωτῶν
418 2745 535 2804 ἐρώτημα
550 2761 598 2800 μα·
648 2744 741 2802 φόνους
757 2760 798 2789 σοι
813 2743 854 2789 καὶ
864 2742 949 2803 μάχας
962 2745 1121 2806 ἐργαζομένῳ
1136 2747 1177 2795 καὶ

67 2825 294 2884 κρᾶςιὶτοκρίσεοις
304 2817 600 2878 ὂςόμςνον,τρὸςιὶνθρῶ·
648 2819 750 2865 πόλεων
764 2817 986 2879 ἀνδραποδισμοὺς,
1001 2824 1053 2868 τῶν
1068 2824 1114 2882 μὲν
1127 2822 1177 2871 ‹lh-

67 2915 133 2945 τους
140 2897 317 2958 τὸβέλτιονὶν
326 2893 442 2953 πλούτῳ,
452 2895 494 2940 καὶ
504 2894 599 2951 τροφῇ,
648 2891 701 2939 λων
717 2893 777 2939 ἴσως
792 2893 923 2953 ὀνομάτων
936 2895 1067 2954 παρέσται
1080 2903 1179 2959 τυχεῖν.

67 2975 114 3022 καὶ
128 2971 259 3034 ἡγεμονίᾳ,
280 2969 380 3030 μᾶλλον
396 2967 411 3022 οἳ
427 2967 541 3028 σωτηρίᾳ
558 2968 600 3012 καὶ
649 2969 682 3014 τὸ
695 2969 721 3014 δὲ
740 2969 829 3029 α’γαθῷ
847 2970 911 3017 εἶναι
927 2972 1018 3031 δοκεῖν,
1033 2975 1062 3020 οὗ
1076 2973 1185 3035 μήποτε,

68 3047 204 3108 πρᾳότητι
214 3046 255 3093 καὶ
268 3047 303 3107 τῇ
311 3043 378 3105 perri
392 3042 546 3094 δικαιοσύνης
557 3042 600 3087 οὐ·
650 3042 732 3087 ἔσται·
751 3044 803 3097 tibi,
818 3058 862 3089 rea·
876 3046 985 3103 marlme,
1001 3048 1027 3094 ιἰι
1041 3050 1144 3096 cedibus
1158 3052 1182 3096 et

68 3123 178 3184 ταμιείᾳ
192 3120 345 3183 τιθεμένους·
369 3118 449 3165 bissi
468 3118 523 3175 quis
541 3116 600 3162 mibi
647 3117 736 3176 prunis
756 3122 778 3162 ct
795 3119 893 3164 urbibus
912 3122 1047 3181 subiqendis
1066 3130 1182 3186 occupato

49 3219 53 3226 ·
69 3196 170 3255 dixerit,
187 3211 262 3243 nonne
275 3196 353 3242 Romu
363 3207 409 3253 per
422 3192 484 3238 bellu
497 3191 601 3250 proserit
652 3192 705 3236 aliu
710 3192 779 3250 sorte
788 3193 882 3238 nomina
894 3196 1037 3255 continqnut,
1051 3198 1124 3245 bonus
1136 3214 1182 3246 au·

65 3274 206 3335 plurimum,
231 3272 380 3332 questionem
404 3268 501 3312 mouerit
526 3268 602 3326 lonpoe
652 3270 697 3309 tem
714 3271 739 3311 ut
756 3281 801 3325 per
821 3268 869 3313 bec
888 3270 1003 3326 mederis,
1016 3272 1079 3330 ficri
1095 3275 1182 3334 nequit.

69 3348 232 3408 responsionis
240 3352 349 3408 cosulem,
361 3342 430 3404 apud
438 3342 548 3398 homines,
561 3341 603 3402 qui
653 3341 728 3401 (Cup.
754 3342 805 3401 26.)
845 3344 918 3391 Adde
947 3347 1027 3393 locum
1056 3350 1183 3410 egregium

70 3586 150 3660 plied
162 3591 193 3642 to
207 3603 265 3640 nur
281 3587 311 3641 in
325 3589 457 3659 genora13
475 3589 538 3644 that
557 3590 605 3645 ll'e
616 3592 696 3651 orrolu
711 3609 788 3647 ιιοιυν
803 3602 829 3646 to
849 3595 913 3667 Ml!
930 3605 1018 3670 recept
1033 3597 1103 3654 there
1117 3617 1184 3656 were

71 3674 155 3729 either
169 3674 209 3726 the
220 3683 332 3746 greatest
349 3677 472 3746 uccusity
482 3678 879 3747 ‚orcus‚yrcarcscooeastou
894 3681 964 3735 sna
986 3682 1043 3737 this
1060 3685 1084 3738 is
1102 3701 1183 3758 espe-

72 3759 157 3830 cially
169 3767 242 3824 true,
254 3760 334 3815 when
347 3760 429 3815 thero
443 3762 467 3815 is
481 3779 499 3815 a
513 3763 588 3832 hope
603 3764 666 3818 that
682 3763 731 3819 tho
754 3774 858 3819 mutter
875 3783 940 3837 may
955 3766 991 3822 be
1009 3769 1132 3840 brought
1153 3777 1184 3826 to

73 3862 111 3900 an
134 3846 208 3900 issue
233 3846 341 3917 merely
363 3846 401 3918 by
423 3856 516 3902 terror
535 3849 591 3902 and
611 3849 649 3921 by
667 3850 717 3904 tho
734 3853 896 3921 reputation
913 3853 947 3906 of
960 3855 1097 3925 strength,
1115 3856 1184 3911 with

73 3931 149 3986 little
163 3948 196 3986 or
210 3947 248 3986 no
263 3932 379 4003 danger.
425 3933 510 4006 Pliny
524 3935 652 4008 snys,He
664 3938 764 4009 poiroeed
778 3938 819 3992 the
840 3947 907 3992 riost
924 3940 1048 3994 brilliant
1068 3941 1137 3996 lind
1153 3945 1192 4014 os

73 4019 186 4088 victory,
200 4019 363 4090 couqtrcriup
378 4021 411 4089 by
426 4028 522 4074 terror.

132 4104 171 4158 X.
211 4109 225 4157 l
254 4104 331 4168 Wnr,
345 4122 408 4176 says
423 4107 568 4171 Plutarch,
580 4108 603 4162 is
618 4124 636 4162 a
650 4109 712 4164 dire
726 4108 861 4175 business,
881 4110 937 4164 and
960 4111 1058 4184 brings
1077 4113 1145 4168 with
1162 4115 1187 4172 tt

74 4206 112 4244 an
127 4189 334 4244 accumulation
348 4191 381 4244 os
394 4193 508 4261 injurios
523 4195 579 4249 and
595 4195 712 4266 cruelty.
752 4195 817 4249 And
833 4197 989 4266 Augustius
1003 4215 1066 4270 says
1083 4201 1187 4273 wisely,

56 4276 139 4331 rthat
153 4275 209 4330 this
224 4275 310 4346 being
324 4293 363 4341 so,
379 4277 428 4332 the
445 4279 509 4333 nise
531 4298 598 4334 man
616 4282 672 4335 will
696 4289 746 4334 not
765 4280 800 4335 be
822 4283 946 4337 sutislicd
967 4284 1074 4357 merely
1092 4286 1119 4340 it'
1137 4287 1187 4344 the

74 4378 133 4416 war
147 4362 170 4416 is
182 4363 257 4431 just3
275 4361 313 4418 ho
327 4364 382 4416 will
396 4365 491 4435 griere
506 4365 569 4422 that
586 4367 668 4423 there
686 4366 787 4421 should
809 4367 846 4423 be
864 4385 881 4422 a
903 4371 1042 4442 necessity
1063 4371 1109 4426 for
1126 4373 1189 4445 jur

55 4465 163 4572 ιινιιιιι
184 4449 270 4514 since,
284 4459 385 4522 except
399 4451 468 4523 they
487 4470 560 4509 were
576 4455 645 4525 Just,
660 4453 697 4509 he
717 4453 808 4508 would
823 4460 874 4509 not
894 4471 931 4527 go
945 4463 976 4511 to
994 4475 1068 4525 wnr3
1085 4459 1143 4516 and
1156 4461 1188 4519 in
