2828 4920
73 218 144 273 cm.
159 212 240 287 xm]
525 217 578 271 nu
601 216 740 272 rcuxrs.
1127 211 1191 276 295

72 381 233 458 familiam,
248 379 335 468 eujus
351 379 589 448 fundamentum
607 391 655 448 est
671 380 923 448 matrimonium:
944 388 1104 470 postrema
1120 406 1191 472 quae

73 506 127 549 res
143 482 282 573 singulas
299 482 483 571 expetibilcs
506 491 637 570 spectat,
655 483 723 550 sire
747 482 866 550 directe
882 482 1108 564 subtrahendo,
1126 484 1192 553 sive

74 584 148 650 dolo
166 583 247 648 malo
264 605 388 649 eausam
406 583 509 650 dando
526 584 641 650 damni.

153 687 174 750 2
209 686 346 750 Possunt
368 685 437 750 haee
459 684 528 773 ipsa
550 685 693 751 subtilius
720 683 828 763 dividi,
847 684 903 751 scd
928 705 1022 772 quem
1038 685 1190 753 indicavi·

74 807 145 850 mus
162 784 303 849 ordinem
325 786 414 850 Deus
432 785 466 850 in
484 786 633 874 decalogo
657 794 782 850 secutus
804 794 861 852 est.
913 787 998 852 Nam
1023 803 1191 874 parentum

74 884 210 961 nomine,
227 885 281 971 qui
304 884 466 952 naturales
490 895 565 952 sunt
591 885 806 974 magistratus,
825 885 921 951 etiam
948 886 1026 951 alios
1050 895 1191 955 rectores

74 1008 136 1074 par
154 995 202 1051 est
218 985 361 1075 intelligi,
382 1007 514 1072 quorum
538 987 710 1052 auctoritas
729 985 910 1052 societatem
932 985 1101 1053 humanam
1119 1009 1192 1054 cen·

74 1086 177 1152 tinet:
202 1086 344 1173 sequitur
362 1085 541 1152 interdictio
562 1085 737 1152 homicidii:
763 1086 877 1151 deinde
899 1085 1088 1152 matrimonii
1103 1109 1192 1154 sanc-

73 1188 131 1263 tia,
147 1186 288 1253 inhibitis
305 1185 487 1252 adulteriis:
514 1195 581 1252 tum
599 1188 695 1266 turta,
714 1195 747 1252 et
764 1185 968 1254 falsimoniae:
990 1186 1058 1253 loco
1080 1186 1190 1255 ultimo

74 1287 192 1354 delicta
214 1288 469 1353 inconsummata.
522 1288 611 1353 Inter
637 1308 746 1353 causas
767 1295 873 1352 autem
890 1286 1111 1354 abstrahentes
1127 1310 1192 1355 nea

73 1389 173 1454 debet
196 1388 270 1475 poni
295 1397 418 1454 tantum
442 1387 577 1474 qualitas
599 1386 667 1475 ejus
692 1387 776 1474 quod
798 1387 917 1452 directe
934 1386 979 1465 fit,
1001 1388 1058 1454 sed
1074 1395 1108 1454 et
1124 1386 1191 1476 ejus

73 1489 162 1575 quod
189 1497 367 1554 secuturum
393 1487 557 1575 probabile
584 1497 642 1565 est,
671 1498 708 1554 ut
738 1488 772 1553 in
805 1486 948 1553 incendio
982 1496 1016 1553 et
1049 1488 1190 1577 perfosso

71 1610 196 1677 aggere
223 1587 394 1654 multorum
419 1609 549 1654 summa
576 1588 769 1655 calamitates
792 1595 826 1654 et
848 1596 966 1654 mortes
988 1587 1083 1656 etiam
1103 1611 1192 1679 spec-
1215 1648 1218 1653 .

71 1688 182 1753 tanda:
198 1696 280 1755 sunt

148 1790 170 1853 3
204 1787 256 1853 Ad
271 1787 464 1875 injustitiam,
483 1810 577 1876 quam
600 1787 780 1878 generalem
798 1810 922 1854 causam
940 1787 1109 1877 posuimus,
1127 1787 1192 1856 lin·

71 1888 201 1954 terdum
221 1897 254 1954 et
275 1889 361 1955 aliud
381 1889 502 1955 accedit
522 1889 643 1968 vitium,
665 1899 742 1976 puta
758 1889 902 1976 impietas
918 1888 951 1954 in
968 1897 1127 1977 parentes,
1143 1889 1191 1956 in-

72 1988 253 2054 humanitas
277 1988 311 2054 in
336 1989 537 2079 propinquos,
561 1989 706 2077 ingratus
728 1989 851 2055 animus
875 1989 909 2054 in
933 1989 1096 2068 beneficos,
1119 2011 1191 2078 quae

71 2097 194 2178 augent
223 2089 380 2155 delictum.
427 2090 572 2178 Apparet
601 2110 726 2176 queque
753 2089 854 2176 major
883 2089 1024 2177 pravitas
1050 2089 1095 2156 ’si
1121 2090 1192 2178 quis

72 2263 110 2310 vis
120 2265 193 2322 uidet,
203 2266 302 2312 omnino
312 2267 344 2314 ad
353 2280 413 2324 rem,
423 2268 454 2315 da
462 2281 510 2328 qua
518 2267 607 2329 agitur,
703 2277 713 2302 ⁸
729 2267 818 2329 Siquis
824 2267 913 2328 sepius
919 2265 1033 2329 deliquit]
1046 2268 1081 2314 'ld
1087 2266 1192 2328 μὲνγιὲμ

71 2339 140 2386 facit.
171 2342 267 2387 Auctor
276 2343 387 2390 voluerat
397 2343 475 2390 dicere
487 2343 513 2390 ιἰι
523 2343 608 2389 Marci
658 2344 787 2405 α’γνοῆσαί
796 2361 863 2390 ποτε
872 2344 908 2390 «ια’
918 2342 986 2390 κατά
995 2343 1193 2402 vindicatoria

71 2415 169 2461 certis:
191 2417 234 2462 aed
249 2416 410 2476 incogitantia
424 2418 536 2476 quadam,
554 2422 608 2464 orta
658 2419 801 2479 α’νθρῶπον·
811 2419 844 2465 τὸ
853 2419 879 2465 δὲ
890 2417 933 2466 ἐπὶ
943 2423 1000 2465 τοῖς
1009 2419 1097 2466 αὐτοῖο
1104 2417 1190 2479 πράγ-

72 2504 105 2537 ex
114 2490 239 2538 adfinitate
249 2493 373 2538 nominum
383 2493 544 2550 familiarium,
553 2492 608 2553 qul·
659 2512 723 2555 μασι
747 2493 885 2541 πλεονάκις
910 2491 1074 2552 ἁμαρτάνειν,
1098 2491 1191 2540 τέλεον

72 2567 120 2612 bus
130 2567 178 2612 dno
188 2568 352 2630 Evangelistae
361 2571 477 2629 gaudent,
489 2569 528 2616 vel
539 2570 607 2616 Aue·
659 2569 829 2629 ἑξοστηκότοι
839 2573 895 2615 τοῖς
904 2567 1048 2629 λογισμοῖς·
1067 2566 1119 2628 ὅσῳ
1138 2566 1190 2628 γαρ

71 2647 115 2689 tor
132 2643 192 2703 ipse,
212 2643 252 2690 rel
272 2644 424 2704 Exscriptor,
444 2645 536 2692 Lucam
561 2659 607 2705 pro
659 2643 781 2690 πλείοσιν
797 2641 966 2701 ἐλαττώμασι
988 2640 1190 2700 asperandae-

72 2719 159 2766 hiereo
170 2721 239 2766 nobis
250 2721 399 2778 obtulerunt,
408 2726 437 2768 ut
446 2722 538 2768 habent
548 2723 608 2768 Edi·
658 2737 712 2775 μιν,
726 2719 843 2777 τοσούτῳ
859 2717 970 2777 μείζονος
983 2715 1106 2777 τιμωρίαι
1121 2715 1191 2778 ἄξιοι

72 2794 153 2840 tiones
162 2796 216 2841 viro
227 2796 338 2841 Auctore
347 2796 372 2841 in
382 2796 460 2842 lucem
471 2796 571 2852 emissae,
582 2801 607 2842 et
658 2797 749 2852 τυχεῖν
760 2792 912 2853 ὑπάρχομεν·
926 2790 1058 2853 aliquando
1068 2791 1191 2852 ignorem

71 2869 116 2915 illa
128 2870 201 2916 etiam
215 2871 275 2916 anni
288 2871 357 2920 1646.
373 2876 430 2932 post
446 2872 539 2918 obitum
555 2870 607 2932 ejus
658 2869 784 2930 quodcirca
793 2868 882 2928 erigat,
897 2867 1057 2914 homiaicect:
1073 2867 1190 2915 atiair'a·
1228 2923 1232 2927 ,

70 2945 160 3005 prima.
189 2947 217 2994 J.
227 2945 275 3008 B.]
658 2943 710 2990 dem
728 2943 797 2990 retus
813 2944 902 3004 sepius
917 2943 1040 3002 aberrare,
1056 2947 1138 2990 emotoe
1156 2947 1190 2992 eet

71 3211 110 3249 or
119 3193 159 3266 by
169 3193 327 3265 producing
342 3193 462 3266 damage
476 3192 601 3265 through
615 3209 713 3262 wrong
727 3191 823 3263 doing.

129 3287 147 3334 2
177 3280 269 3334 These
284 3286 401 3335 matters
416 3281 507 3351 might
529 3280 566 3334 be
588 3279 702 3333 ‹livided
720 3295 800 3333 more
820 3277 951 3349 subtill53
968 3278 1021 3332 but
1037 3278 1087 3334 the
1104 3279 1190 3336 order

74 3367 166 3421 which
179 3382 221 3421 we
235 3366 307 3420 hare
322 3367 466 3421 indicated
478 3368 501 3420 is
514 3365 577 3420 that
592 3364 682 3418 which
700 3365 763 3419 God
778 3365 829 3420 has
845 3365 975 3419 followed
990 3366 1021 3419 in
1036 3364 1085 3421 tho
1097 3366 1189 3422 Deca-

73 3453 168 3525 legue.
199 3451 274 3520 [The
286 3451 352 3506 fifth
364 3453 594 3508 commandmcnt
607 3451 734 3506 includes
748 3451 841 3507 duties
854 3456 884 3506 to
896 3449 1062 3524 gevamero]
1069 3471 1078 3517 ι
1089 3451 1136 3507 for
1149 3451 1189 3526 by

73 3539 126 3596 the
147 3556 232 3594 name
247 3540 281 3594 of
298 3545 423 3612 peremta,
438 3538 500 3593 who
516 3555 565 3594 are
583 3539 697 3593 natural
718 3539 906 3610 magistrates,
920 3537 1004 3592 other
1017 3538 1108 3593 rulers
1128 3538 1187 3596 also

73 3632 151 3682 must
162 3627 199 3682 be
214 3627 402 3681 understood:
426 3626 496 3680 then
511 3625 620 3680 follows
632 3625 682 3679 the
695 3625 877 3680 interdiction
890 3624 924 3677 of
935 3624 1095 3690 homicide:
1116 3624 1188 3682 thcn

72 3714 125 3770 the
137 3715 265 3769 sanction
278 3713 311 3767 of
320 3713 489 3784 matrimony
501 3712 540 3784 by
552 3712 600 3766 the
613 3711 787 3783 prohibition
800 3711 833 3764 of
844 3709 993 3783 adultery3
1012 3711 1082 3768 then
1093 3711 1170 3768 theft
1177 3731 1186 3780 ι

73 3801 144 3857 then
159 3801 230 3856 false
245 3802 371 3865 witness:
389 3800 419 3853 in
431 3798 481 3853 the
493 3798 548 3853 last
559 3797 649 3870 place,
661 3799 718 3852 sins
734 3797 996 3852 unconsnmmated.

132 3888 245 3960 Among
257 3887 306 3942 the
318 3885 504 3956 withholding
516 3901 622 3948 causes,
635 3883 723 3954 ought
739 3890 769 3939 te
781 3885 818 3939 bc
833 3890 894 3955 put,
909 3890 960 3938 not
973 3883 1040 3955 only
1054 3882 1105 3938 the
1119 3883 1188 3939 cba-

72 3979 168 4030 ractcr
179 3974 213 4029 of
230 3974 294 4029 that
308 3973 423 4030 which
415 3990 439 4028 rs
454 3972 573 4042 directly
586 3971 667 4034 done,
684 3971 736 4025 but
752 3972 785 4025 of
796 3971 860 4025 that
874 3970 966 4024 which
978 3970 1034 4025 will
1047 3970 1187 4045 probably

71 4060 184 4115 follow.
204 4077 235 4114 as
251 4062 280 4114 in
295 4062 401 4132 setting
384 4061 512 4114 elireto
527 4077 544 4112 a
559 4058 656 4123 house,
671 4074 704 4111 er
724 4057 861 4129 breaking
876 4056 958 4113 down
978 4073 997 4111 a
1016 4056 1092 4123 dam,
1105 4062 1188 4132 great

72 4146 216 4218 calamity,
231 4146 289 4200 and
303 4163 337 4201 οι
339 4163 376 4201 cn
391 4145 500 4210 deaths,
515 4161 564 4200 are
580 4151 610 4199 te
626 4144 662 4198 be
678 4143 780 4198 lookcd
795 4143 849 4199 fer.

127 4239 143 4289 3
174 4234 217 4288 Το
229 4232 301 4287 tho
294 4250 331 4302 rnJ
326 4233 423 4287 ustiec
436 4232 526 4287 which
537 4248 578 4286 we
587 4236 639 4304 put
648 4248 679 4284 as
691 4230 741 4285 the
753 4229 868 4301 general
880 4246 973 4295 cause,
982 4228 1081 4285 there
1073 4246 1097 4285 rs
1106 4231 1188 4287 often

69 4319 164 4375 added
179 4335 258 4375 some
272 4319 356 4374 other
374 4321 444 4386 viee,
464 4337 495 4374 es
513 4320 632 4393 impicty
649 4317 772 4372 towards
793 4323 918 4389 parents,
944 4315 1124 4390 inhumanity
1141 4326 1187 4372 to·

68 4407 160 4462 wards
169 4405 350 4478 neighbours,
362 4407 536 4479 ingratitudo
548 4406 670 4462 towards
679 4404 874 4470 benefactors3
885 4403 976 4461 which
987 4404 1127 4462 increase:
1136 4403 1187 4461 tha
