2828 4920
62 284 143 342 Car.
157 286 240 357 XX.]
521 291 574 346 DE
596 289 736 347 POEMS.
1125 284 1189 349 309

61 452 215 532 minibus,
231 465 267 523 ut
284 453 400 546 Lysias
417 453 543 535 indicat,
565 455 696 545 injustos
712 456 880 545 puniendo.
921 458 1080 527 Diodorus
1097 458 1184 527 Sicu·
1198 475 1328 564 ffidii

62 554 120 621 lus
148 556 189 622 de
215 578 252 622 eo
276 557 321 623 sic
346 555 506 644 loquitur:
536 555 616 632 ‘rode
644 560 917 653 παρανομοῦντας
946 556 1137 655 ἀνθρώπους
1163 555 1332 644 rimis-17.

64 648 231 731 duriores
254 652 483 750 ὑπερηφάνους
504 654 714 735 α’ποκτεὶνας,
738 655 800 731 ‘reis
823 655 939 734 πόλεις
956 657 1110 744 ἐποίησεν
1133 656 1183 731 εὖ·
1329 674 1334 684 “

64 749 232 832 δαίμονας·
253 760 398 824 leemites
414 760 552 844 injustos
569 772 600 827 et
616 783 706 846 repes
726 761 897 828 insolentes
915 762 1053 829 tollendo
1071 765 1184 830 beatos

63 859 228 924 reddebat
245 862 408 926 civitates.
459 859 544 926 Alibi
561 860 661 927 dixit:
690 855 822 941 ἐπῆλθε
841 857 905 942 τήν
922 855 1111 946 οἰκουμένην
1129 893 1182 932 κο·
1194 880 1255 927 ste

63 954 180 1054 λάζων
195 954 273 1032 τούς
290 952 428 1030 ἀδίκους·
452 963 560 1027 orbem
578 963 659 1027 obiit
676 983 795 1048 picenus
818 962 859 1027 de
876 963 1002 1048 iniquis
1025 975 1180 1050 expetens.

64 1060 131 1126 Dio
148 1058 342 1126 Prusaeensis
360 1060 400 1126 de
418 1062 548 1127 eodem:
567 1061 641 1135 rosis
654 1056 814 1152 πονηρους
831 1055 1019 1156 α’νθρῶπονς
1034 1058 1180 1160 ἐκόλαζε,
1194 1050 1343 1178 3232,‚1?;.

65 1159 123 1230 rai
141 1163 209 1229 τῶν
234 1156 456 1254 ὑπερηφάνων
472 1157 653 1256 ἀνθρώπων
677 1157 822 1255 κατέλυε
847 1166 900 1231 καὶ
923 1158 1094 1262 ἀφῃρεῖτο
1116 1160 1183 1249 τήν
1252 1139 1274 1180 ⁹⁴
1329 1157 1335 1169 ⁸

64 1256 228 1352 ἐξουσίαν·
253 1264 398 1330 leomines
415 1265 521 1330 orales
531 1265 709 1350 puniebat,
728 1275 759 1330 et
775 1265 987 1349 superborum
1009 1287 1113 1350 repta
1128 1267 1183 1333 ds·

64 1364 229 1442 struebat,
252 1371 312 1429 out
333 1366 371 1430 irs
394 1365 480 1432 alios
502 1365 731 1450 troessfferebat.
779 1362 939 1430 Aristides
964 1363 997 1428 in
1023 1365 1182 1432 Panathe-

64 1463 158 1530 naico
175 1464 220 1531 ait
235 1485 306 1530 eum
324 1473 469 1553 suscepte
484 1464 638 1529 communi
654 1462 782 1529 humani
800 1463 925 1553 generis
942 1486 1018 1531 eura
1032 1464 1182 1532 meruisse
1194 1490 1276 1532 roms.
1286 1502 1321 1543 rs.

64 1564 100 1630 in
125 1564 211 1631 Deos
236 1564 361 1634 referri.
414 1565 579 1631 Laudatur
602 1563 747 1632 similiter
764 1563 905 1630 Theseus
931 1565 1016 1652 quod
1041 1564 1183 1632 latrones
1195 1540 1236 1587 Μ’
1246 1540 1287 1579 ¹⁸⁸

66 1664 208 1740 Scirona,
227 1664 325 1742 Sinin,
344 1673 378 1732 e't
394 1666 568 1731 Procusten
585 1664 756 1740 sustulerit,
772 1686 866 1751 quem
882 1664 926 1731 sic
944 1665 985 1731 de
1001 1687 1035 1732 se
1051 1665 1183 1754 loquen-

65 1773 132 1832 tem
151 1767 363 1856 Samriitibus
379 1764 499 1832 inducit
516 1764 684 1853 Euripides
698 1767 792 1850 (vers.
812 1767 890 1843 340,
908 1767 1009 1854 341)=

285 1884 403 1940 Pridem
417 1885 545 1941 facinore
558 1902 664 1941 nomen
677 1885 733 1941 hoc
747 1902 801 1958 per
815 1885 956 1942 Graecism
1054 1879 1057 1886 ’

283 1973 357 2028 Mihi
371 1971 522 2038 dederunt,
537 1963 627 2028 tultor
641 1979 674 2029 ut
688 1972 828 2028 scelerum
842 1989 935 2030 vocer.
959 2007 963 2013 ·

66 2072 215 2140 Valerius
235 2072 395 2139 Maximus
411 2073 453 2139 de
476 2071 607 2140 eodem:
633 2075 792 2160 quicquid
815 2075 933 2162 ubique
954 2077 1094 2143 morrstri
1117 2087 1327 2150 autentas

65 2176 290 2261 scelerissue't,
308 2177 429 2240 virtute
447 2175 555 2238 animi
571 2197 613 2239 αα
629 2175 744 2239 robore
760 2174 885 2240 dextros
903 2177 1103 2242 comminuit.
1191 2156 1210 2194 ²

145 2277 166 2340 3
203 2273 256 2342 Sic
276 2295 339 2339 non
358 2272 537 2340 dubitamus
555 2271 630 2360 quin
645 2273 733 2360 justa
754 2272 817 2341 sint
837 2273 921 2340 bella
942 2275 974 2341 in
998 2274 1126 2362 eosqui
1146 2274 1180 2342 in

62 2385 215 2463 parentes
229 2374 316 2463 impii
331 2383 414 2450 sunt,
438 2373 546 2461 quales
564 2373 715 2463 Sogdiani
736 2383 905 2461 antequam
923 2396 976 2442 cos
1000 2375 1180 2442 Alexander
1191 2398 1245 2488 ἓξὲξ
1255 2403 1281 2498 ρ
1284 2403 1346 2490 ³1²ae

62 2475 148 2542 hanc
170 2475 328 2542 feritatem
351 2475 538 2543 deduceret:
564 2473 597 2540 in
623 2495 677 2540 eos
701 2473 755 2561 qui
778 2472 935 2562 lhospitcs
957 2476 1120 2543 occidunt:
1146 2498 1179 2543 m
1192 2496 1288 2537 roan.

60 2651 340 2714 asseruerimus:
644 2649 1178 2712 pmmstnjurteproatttstntomtmna·

87 2727 153 2771 'oros
161 2728 180 2781 γ’
188 2727 298 2781 ὑβρισταί·
307 2727 391 2781 χρηστὲ
399 2726 417 2768 δ’
425 2726 450 2770 οὗ
459 2725 583 2780 rebellem.
648 2724 685 2771 los
693 2725 803 2785 impetum
812 2727 924 2787 nemetae,
940 2727 1010 2790 (pag.
1020 2730 1050 2778 87
1061 2728 1101 2790 0.)
1200 2745 1203 2750 “

88 2795 202 2845 injuriosa
227 2794 283 2834 Nm
295 2795 534 2844 b0⁰⁰⁸¹¹⁰¹¹¹⁸¹¹tl¹¹²¹¹2
694 2801 865 2863 lExemplum
883 2803 957 2864 istud,
975 2805 1041 2867 quod
1058 2805 1182 2868 inprims
1285 2848 1287 2854 .

60 2875 212 2924 Plutarchus
234 2875 260 2921 in
280 2876 333 2936 ejus
352 2876 414 2922 vita:
440 2875 598 2932 ἀπήλλαττε
648 2877 872 2939 Editionelegitur,
887 2880 912 2925 in
926 2879 979 2927 sliis
993 2883 1105 2929 omnibus
1117 2882 1182 2930 excl-

59 2952 113 3009 πήν
123 2951 237 2999 Ἐλλάδα
248 2952 334 2998 δεινῶν
343 2950 480 3011 τυράννων·
486 2952 599 3012 pessimis
647 2945 724 3000 derat.
753 2953 914 3014 nequeenim
924 2955 1181 3006 ullstaitrstiohnc·

59 3029 175 3090 tyrannis
206 3027 327 3075 Groeciam
356 3027 476 3077 liberarit.
517 3027 595 3078 Item:
647 3028 695 3076 tori
711 3029 836 3089 ejiciendi:
861 3034 886 3077 et
906 3031 930 3076 iu
952 3033 1033 3079 naimo
1053 3034 1179 3092 habuerat,

60 3105 135 3152 οὐδὲν
149 3104 225 3151 αὐτὸς
237 3103 395 3162 ἀδικούμενος
407 3103 522 3162 ὥρμησεν
534 3104 597 3164 ὑπὲρ
647 3105 713 3166 quod
736 3104 767 3150 de
785 3105 906 3152 veteribus
926 3107 1020 3169 Scythis
1039 3109 1144 3156 refertur
1163 3121 1180 3157 ⁸

59 3180 152 3228 ἄλλων
168 3178 212 3227 ἐπὶ
231 3179 290 3225 τοὺς
309 3178 440 3236 πονηρούς·
464 3179 526 3224 nihil
546 3180 597 3239 ipse
648 3181 796 3237 srranorr,
810 3179 898 3242 Geoqr.
913 3181 1117 3246 Lib.v11.p.300.
1141 3169 1178 3234 ΟΣ

61 3435 138 3493 from
153 3435 258 3492 others.
291 3433 399 3491 Indeed
412 3434 469 3490 itis
485 3450 564 3491 more
581 3434 758 3492 honourable
777 3442 808 3492 to
822 3438 925 3511 ¹punish
943 3439 993 3496 the
1012 3440 1129 3513 injurios
1144 3418 1180 3498 ol
1223 3493 1226 3499 .
1257 3431 1260 3438 '

62 3523 160 3580 others
174 3523 245 3578 than
256 3538 329 3595 your
339 3539 410 3587 own,
423 3523 451 3576 in
467 3525 685 3594 proportiones,
700 3525 730 3578 in
742 3540 815 3596 your
826 3541 896 3591 own,
908 3526 932 3580 it
946 3528 969 3582 is
983 3533 1015 3583 to
1028 3527 1066 3584 be
1076 3520 1176 3588 secred

62 3611 120 3666 lest
138 3627 156 3665 a
173 3627 276 3684 person
295 3626 368 3683 may,
383 3609 421 3681 by
436 3608 486 3664 tho
507 3626 589 3666 sense
610 3611 644 3666 ol
663 3611 707 3666 his
722 3627 785 3667 own
799 3612 875 3684 pain,
893 3612 985 3669 either
997 3615 1102 3672 exceed
1116 3616 1176 3675 due

61 3715 201 3764 measure,
215 3715 249 3754 or
260 3697 357 3752 uitiato
371 3695 415 3751 his
430 3695 508 3750 mind
522 3697 589 3751 with
600 3697 711 3753 maliee.

117 3793 135 3841 2
164 3785 230 3840 And
249 3801 288 3840 on
307 3784 363 3839 tbis
384 3790 505 3838 account
527 3784 665 3839 Hercules
679 3785 702 3839 is
716 3784 829 3856 praised
849 3784 888 3856 by
910 3785 960 3842 the
979 3789 1108 3844 ancients
1127 3789 1174 3846 for
1248 3770 1253 3780 ¹

61 3871 167 3945 haring
181 3873 263 3929 freed
278 3872 328 3928 the
347 3871 415 3926 land
436 3871 510 3925 from
530 3870 654 3936 hulmus,
675 3872 791 3938 Busiris,
810 3872 972 3939 Diomedes,
991 3873 1049 3929 and
1066 3875 1174 3931 similar
1210 3886 1212 3890 '

60 3966 190 4032 tyrauts3
207 3959 319 4032 haring,
331 3977 362 4014 as
375 3961 484 4014 Seneca
495 3974 566 4030 says,
579 3958 679 4029 passed
691 3957 814 4032 through
827 3959 877 4015 the
888 3960 955 4015 laud
967 3969 1019 4018 not
1030 3962 1060 4016 in
1071 3978 1174 4018 consu·
1269 3978 1272 3984 ’

60 4048 200 4120 piscence,
216 4046 269 4102 but
286 4047 316 4101 in
331 4049 392 4117 just
406 4046 592 4116 indignation,
608 4045 664 4100 aud
679 4046 745 4102 thus
760 4048 845 4119 being
859 4047 909 4103 tbo
926 4048 1030 4103 author
1048 4049 1082 4103 of
1091 4054 1174 4120 grem

59 4133 136 4205 good
148 4143 179 4188 to
192 4150 267 4188 man.
315 4134 355 4188 So
377 4133 484 4205 Lysias,
498 4131 648 4198 Diodorus,
662 4133 717 4188 Dio
733 4135 914 4200 Prusteensis,
926 4134 1072 4190 Aristides.
1097 4135 1172 4192 'she-

60 4237 125 4277 seus
151 4222 175 4275 is
200 4220 312 4292 praised
334 4221 364 4274 in
390 4219 448 4274 like
472 4236 591 4274 manner
611 4220 657 4273 sor
678 4221 824 4292 remorIng
845 4221 895 4276 the
917 4221 1033 4276 robbers
1063 4221 1173 4289 Sciron,

61 4308 147 4374 Sinis,
159 4306 216 4362 and
231 4307 390 4363 Procustes.
437 4307 493 4363 See
506 4306 665 4379 Euripides,
677 4306 807 4361 Valerius
819 4307 968 4363 Maximus.

116 4401 133 4452 3
162 4395 241 4466 [l'hus
254 4395 406 4469 redonet
419 4395 508 4451 doubt
521 4395 584 4451 that
596 4411 653 4448 war
664 4394 688 4448 is
699 4395 759 4465 just
771 4393 880 4449 avainst
893 4393 973 4466 those
985 4393 1047 4450 who
1059 4411 1108 4462 are
1119 4395 1172 4453 im.
1198 4385 1210 4457 l
1224 4446 1229 4474 ¹

58 4484 142 4576 picus
151 4459 468 4557 agdiffs't‘theirperents
475 4437 1186 4568 ςεαολωυλᾶἓῐιςῖιοῖἷοταοοίοκολῑοιοαῶ
1223 4499 1228 4528 υ
