2828 4920
85 245 157 304 Otr.
170 245 268 318 ΧΠ]
416 246 470 302 DE
491 246 874 308 INTERPRETATIONE.
1141 239 1204 304 183

85 415 256 506 patrissui
271 414 326 482 filii
342 413 494 483 detineat.
531 416 576 482 Et
588 415 649 481 hoc
660 422 748 481 recte
762 415 873 484 Cicero
890 420 930 486 de
947 418 1070 506 Officiis
1085 413 1203 505 primo:
1215 429 1298 482 ctos·

88 521 129 585 Si
146 519 352 585 constitueris
369 529 400 584 te
414 518 562 603 cuipiam
580 519 779 583 advocatam
796 521 834 584 in
851 543 917 587 rem
929 530 1124 609 prensantem
1139 539 1207 586 esse

85 632 267 696 uenturam,
302 631 401 706 atque
427 619 562 684 interim
587 619 738 704 praviter
763 633 923 705 oeyrotare
939 625 1036 708 filius
1062 621 1204 709 coeperit,

85 744 151 787 nore
167 724 214 788 sit
229 734 347 788 eontra
364 720 503 806 officinm
518 721 709 806 mesfacere
726 722 813 805 quad
826 723 962 791 dixeris.

161 824 185 886 3
218 823 256 887 In
274 820 409 888 eundem
431 840 556 887 sensum
580 817 804 906 accipiendum,
826 844 885 889 nec
907 824 992 891 ultre
1014 823 1204 891 trahendum

84 914 259 1009 est,1qu0d
282 922 368 1010 apud
386 921 536 989 Senecam
557 920 711 1010 legimus:
744 923 838 990 Tunc
848 927 946 1009 fidem
964 927 1105 1012 saliam,
1126 937 1363 1024 innoffensu-

85 1026 315 1090 inconstantiae
332 1025 456 1090 crimen
473 1023 624 1100 audiam,
641 1024 674 1088 si
689 1044 763 1088 aum
777 1028 890 1091 omnia
906 1028 1020 1093 eadem
1036 1027 1113 1103 sint,
1131 1048 1204 1112 qua

84 1136 182 1190 eram
211 1126 420 1211 promittente
449 1145 509 1198 me,
534 1144 600 1190 non
623 1125 809 1209 praestitero
837 1129 1048 1212 promissum,
1075 1126 1206 1214 alioqui

85 1227 247 1311 quicquid
262 1237 424 1301 mutatur,
450 1225 632 1290 libertatem
639 1225 735 1309 facit
756 1227 797 1292 de
814 1228 941 1311 inteyro
958 1228 1156 1303 consulendi,
1173 1237 1205 1294 et

85 1347 193 1391 meam
203 1327 305 1410 fidem
324 1325 454 1392 liberat.
504 1326 658 1390 Promisi
674 1325 943 1392 advocationum:
962 1339 1081 1414 postea
1097 1349 1205 1414 appu·

85 1428 157 1492 ruit
168 1448 232 1512 per
244 1427 343 1492 iliam
358 1447 496 1492 cansam
506 1425 744 1510 praejudicium
760 1427 798 1490 in
804 1438 940 1511 patrem
954 1449 1061 1493 meum
1075 1429 1205 1514 quari:

80 1528 226 1612 promisi
242 1548 292 1592 me
309 1548 447 1613 pereyre
466 1540 541 1590 nna·
553 1526 703 1591 iturum:
728 1528 785 1592 sed
807 1529 872 1592 iter
892 1529 1050 1613 infestari
1070 1528 1204 1594 iatroci-

85 1627 154 1693 niie
174 1629 360 1692 nuntiatur.
410 1628 457 1692 'In
480 1647 547 1692 rem
564 1637 758 1713 prementem
774 1629 1021 1713 nacturussnir
1044 1628 1103 1693 sed
1119 1648 1204 1712 anyer

78 1727 185 1812 fliius,
210 1728 269 1793 sed
285 1748 455 1813 puerpera
475 1748 560 1792 uuor
584 1738 676 1792 tenet.
724 1729 847 1792 Omnia
866 1748 932 1795 esse
953 1727 1069 1793 debent
1089 1727 1203 1794 eadem
1257 1764 1261 1772 ·

85 1849 158 1913 quen
165 1829 305 1912 suerint
328 1849 402 1894 cum
415 1829 652 1913 promitterem,
673 1839 710 1892 ut
720 1829 946 1914 promittentis
957 1829 1060 1912 fidem
1083 1840 1201 1896 teneas.

87 1926 203 1993 Omnia
225 1926 377 2016 intellige,
403 1949 462 2015 pro
486 1936 575 1994 actus
599 1927 668 2015 ejus
693 1926 734 1994 ds
752 1948 815 2016 quo
840 1926 993 2015 quaeritur
1017 1933 1203 2006 natarunt

79 2025 149 2115 jam
166 2027 259 2095 modo
274 2027 483 2117 exposuimus.
580 2067 583 2072 ·

83 2196 214 2259 Beneficiis
223 2214 232 2245 .·
242 2198 285 2247 Ad
293 2213 383 2246 mnam
392 2199 453 2260 quia
457 2197 561 2260 moeni-i
570 2197 619 2255 ibo,
667 2199 720 2255 erit,
731 2197 755 2245 si
761 2198 859 2260 aliquid
867 2199 992 2248 interuenit
1000 2199 1056 2246 noni
1065 2215 1074 2247 .·
1085 2198 1147 2262 yuid
1153 2199 1199 2246 usi·

83 2274 179 2321 etiamsi
183 2275 271 2336 frique
280 2276 335 2334 erit,
348 2289 396 2322 non
408 2275 504 2336 quidem
517 2275 542 2321 si
553 2274 619 2321 niues
666 2265 742 2332 raris,
751 2288 804 2323 mam
816 2275 921 2322 conditio
932 2275 1093 2336 promittentis
1107 2279 1201 2322 mutata

83 2349 176 2397 eadmet.
193 2351 299 2413 Suryam
308 2353 343 2399 ad
351 2352 483 2412 sponsalia,
490 2352 550 2413 quia
556 2365 616 2411 pro·
666 2351 706 2408 sit,
717 2356 831 2397 mutatum
839 2365 888 2397 esse
898 2352 1022 2398 consilium
1031 2349 1044 2398 i
1053 2349 1134 2398 eaden
1140 2350 1201 2398 niet

81 2427 147 2482 misi,
161 2429 270 2487 manum
285 2442 332 2474 non
347 2428 503 2489 concoxerim,
514 2426 557 2473 sed
570 2439 617 2472 non
667 2427 747 2473 omnia
764 2431 856 2487 mesta
873 2430 896 2479 et
915 2426 977 2473 idem
993 2439 1053 2475 sum
1087 2423 1199 2473 Vadimo-

81 2501 106 2549 εἰ
117 2501 302 2561 febricitarera.
334 2503 451 2564 Sponsum
470 2501 617 2556 descendam,
666 2503 732 2548 nium
738 2502 907 2562 promittimus,
917 2500 1127 2549 tumendueritur.
1141 2497 1201 2548 Non

81 2577 144 2638 quia
158 2579 277 2637 promisi:
298 2579 342 2625 sed
359 2579 444 2625 nansi
461 2578 577 2638 spondere
591 2577 617 2623 in
667 2578 693 2624 in
702 2592 780 2624 omme
789 2577 863 2624 datur
871 2579 944 2636 amia,
954 2576 1199 2624 deserentemnisma·

82 2653 198 2701 incautum
202 2653 305 2712 iubebis,
313 2654 337 2700 si
337 2655 401 2714 fiseo
411 2651 537 2713 obiiyabir.
554 2651 616 2700 seb·
660 2653 706 2711 jor
714 2658 819 2701 escusat.
832 2653 875 2700 Usi
885 2653 1005 2714 snpehoc
1014 2650 1105 2712 effugio
1112 2649 1199 2711 Angli.

82 2734 127 2788 est,
147 2731 253 2791 inquam,
268 2733 346 2779 tacita
359 2730 473 2791 exceptio,
488 2731 512 2777 si
524 2735 617 2790 potero,
667 2730 731 2778 Vide
751 2729 900 2777 camdenum
919 2729 944 2775 in
959 2741 1024 2776 enno
1038 2728 1085 2775 clo
1096 2727 1126 2775 Io
1136 2738 1200 2775 xcv.

82 2806 108 2854 si
124 2807 217 2865 debebo,
234 2808 257 2855 si
274 2809 323 2856 inea
339 2809 377 2854 ita
391 2811 468 2853 erunt.
499 2805 578 2868 Effice
592 2811 618 2851 ut
667 2810 719 2852 tum
729 2805 753 2850 in
763 2804 988 2850 eonmoversincum
997 2800 1199 2859 saumsirmio

83 2883 147 2930 uem
161 2873 242 2931 'nnus
261 2885 294 2932 en
309 2897 361 2931 eum
378 2882 490 2943 arator,
506 2882 549 2942 qne
558 2881 617 2942 fite,
667 2881 744 2928 utera
754 2892 808 2926 cum
818 2879 964 2930 suenum.

83 2961 306 3021 compromitterent
315 2974 325 3010 r
341 2959 468 3007 destituere
476 2957 562 3006 benitas
571 2970 618 3004 non

82 3179 149 3236 that
163 3198 182 3236 e
193 3180 317 3253 promise
330 3196 398 3252 may
409 3184 461 3235 not
473 3178 567 3250 obligo
579 3177 629 3233 the
643 3178 790 3251 promiser,
806 3178 830 3234 it
848 3177 916 3234 does
931 3183 982 3234 not
994 3178 1089 3234 suffice
1100 3176 1165 3237 that
1176 3180 1201 3236 it

83 3268 182 3339 brings
200 3284 279 3323 some
306 3265 388 3321 herm
407 3273 437 3325 to
456 3266 505 3321 the
521 3265 676 3337 promiscr;
694 3265 747 3319 but
768 3264 792 3319 it
813 3273 889 3325 must
910 3264 947 3320 be
971 3263 1048 3322 such·
1063 3264 1146 3318 herm
1168 3282 1199 3322 ns

83 3354 237 3425 according
251 3360 282 3408 to
299 3352 349 3408 tho
364 3361 466 3408 nature
482 3352 515 3408 of
527 3352 577 3407 the
591 3359 638 3408 act
659 3358 735 3406 must
750 3351 787 3406 bc
806 3351 947 3423 supposed
962 3356 992 3407 to
1011 3352 1048 3408 bc
1062 3351 1201 3424 exceptcd

84 3440 116 3494 in
131 3439 181 3495 the
196 3439 344 3512 promiser.
391 3438 470 3495 Thus
482 3437 520 3494 he
534 3438 598 3494 nhc
619 3438 670 3494 hus
684 3438 828 3511 promised
845 3440 889 3492 uis
901 3437 1059 3510 neighbour
1070 3454 1101 3494 so
1113 3455 1201 3513 many

85 3524 164 3599 deys'
179 3525 289 3590 labour,
304 3527 329 3580 is
343 3531 395 3582 not
409 3525 506 3581 bound
530 3526 556 3580 if
568 3543 585 3580 n
606 3525 716 3580 cnticul
731 3525 787 3580 nnd
803 3523 962 3596 dangerous
984 3525 1091 3581 diseasc
1110 3525 1144 3581 oi
1154 3524 1200 3584 his

84 3613 182 3671 father
196 3630 229 3668 or
243 3612 287 3668 his
302 3629 354 3668 son
372 3614 459 3685 keeps
475 3612 535 3666 him
550 3629 636 3684 away.
683 3613 722 3667 Sc
738 3613 837 3668 Cicero
852 3613 882 3666 in
894 3611 938 3666 his
952 3611 1050 3684 office.
1065 3610 1097 3680 (1.
1113 3610 1172 3681 10.)
1245 3600 1247 3604 ’

145 3706 161 3758 3
191 3699 279 3756 Whnt
296 3700 405 3756 Seneca
417 3717 480 3772 says
493 3700 516 3753 is
532 3705 562 3753 to
577 3698 614 3753 be
629 3697 716 3754 taken
732 3700 761 3753 in
776 3698 918 3754 thesemo
933 3715 1022 3764 sense,
1036 3698 1093 3752 end
1105 3704 1156 3754 not
1167 3703 1199 3755 to

83 3787 122 3843 be
137 3786 248 3860 pushed
264 3786 392 3843 further:
411 3787 433 3841 Ι
444 3797 514 3840 rnust
526 3785 588 3857 keep
600 3804 646 3856 my
656 3786 775 3857 promise
789 3787 821 3855 is
832 3786 873 3839 all
891 3786 978 3856 tbinys
992 3801 1040 3838 are
1058 3785 1199 3840 thereme:

85 3875 132 3930 bnt
145 3876 182 3947 -if
204 3876 338 3947 anythiny
359 3876 388 3930 be
417 3874 544 3945 cbanyed,
565 3873 587 3927 Ι
606 3891 653 3925 am
683 3881 712 3926 at
744 3873 838 3945 liberty
861 3882 887 3927 to
908 3872 989 3928 revise
1006 3888 1052 3943 my
1074 3870 1212 3954 decisione..¹

87 3961 162 4017 sum
178 3961 201 4014 I
207 3962 349 4033 promised
363 3970 389 4016 to
406 3962 532 4016 advocate
553 3977 573 4013 a
591 3977 670 4015 cause
679 3978 689 4020 ,·
713 3960 759 4013 bnt
774 3960 795 4013 it
819 3977 936 4032 appears
950 3959 1007 4014 that
1025 3959 1067 4013 tiu
1081 3975 1159 4015 cause
1175 3957 1217 4031 isi

85 4048 213 4102 intended
238 4058 265 4102 to
291 4049 381 4121 injure
406 4067 453 4119 my
470 4047 588 4122 father:
609 4047 630 4102 Ι
648 4047 789 4118 promised
814 4055 840 4100 to
864 4062 1029 4118 accompany
1055 4061 1103 4100 one
1122 4062 1159 4100 on
1180 4034 1221 4151 αἱ

78 4135 220 4209 journeys
239 4135 285 4188 but
309 4137 331 4189 it
351 4152 469 4206 appears
487 4134 546 4188 that
566 4133 607 4188 tie
625 4134 696 4206 read
712 4133 871 4208 isinscsted
884 4133 948 4200 uitii
958 4134 1090 4200 robbers:
1111 4132 1200 4190 sum
1219 4156 1221 4163 ·

85 4230 113 4276 to
136 4228 316 4276 'tome'ut'd
325 4219 542 4280 'certain‘dinie‘i
559 4211 608 4274 but
627 4238 673 4292 my
695 4238 744 4276 son
766 4221 789 4274 is
810 4220 852 4285 ili,
873 4237 920 4290 my
941 4219 1006 4289 niſse
1027 4220 1050 4275 is
1068 4220 1097 4274 in
1115 4167 1226 4275 child-d

84 4307 167 4364 tint.
205 4305 257 4362 All
278 4316 350 4362 must
368 4309 397 4362 be
412 4309 453 4362 tbe
469 4325 544 4361 same
562 4325 593 4361 as
614 4308 638 4361 it
655 4325 713 4362 was
734 4307 809 4361 udan
827 4306 847 4360 Ι
862 4307 1008 4377 promised,
1019 4314 1046 4362 to
1067 4307 1202 4379 obliyeme

85 4403 114 4450 to
132 4393 195 4466 terp
208 4411 256 4465 my
271 4394 357 4448 word.
395 4393 591 4459 Undorstnnd,
608 4394 649 4449 alt
667 4395 756 4464 thinys
770 4391 922 4466 according
939 4398 971 4450 to
984 4391 1035 4449 the
1051 4399 1154 4450 nature
1172 4392 1207 4450 oi

85 4480 138 4542 the
150 4489 198 4537 not
209 4482 239 4537 in
252 4481 393 4554 question,
407 4498 438 4538 ne
450 4499 493 4538 ne
504 4480 577 4539 hunc
585 4482 646 4555 just
659 4479 818 4554 explained
