2828 4920
210 222 276 293 176
537 232 591 288 DE
612 230 992 290 nwnursnnfflonn.
1198 228 1274 301 [Lm.
1285 233 1325 289 11.

286 405 309 471 3
339 399 527 489 Exemplum
540 399 581 468 sit
595 399 646 467 ‘in
658 401 811 489 pactione,
825 423 865 468 nc
878 400 947 488 quis
959 399 1045 466 locus
1058 397 1156 466 muris
1169 397 1327 489 cingatur,
1364 405 1368 412 '

213 507 300 574 tacta
311 524 349 570 eo
361 511 502 590 tempore
519 525 588 568 cum
602 524 665 569 non
680 502 767 569 aliud
779 511 861 568 esset
875 500 1034 568 muniendi
1046 522 1156 590 genus.
1190 501 1224 568 Is
1241 501 1327 570 locus

212 626 254 672 ne
270 623 391 694 aggere
406 601 531 689 quidem
545 601 627 693 cingi
644 602 770 690 poterit,
789 602 816 668 si
832 602 907 669 satis
919 610 1041 669 constet
1055 601 1243 688 prohibendi
1260 625 1327 669 rnu-

213 724 268 772 ros
283 702 405 769 unicam
428 700 523 768 fuisso
540 725 662 768 causam
681 725 721 769 nc
742 702 916 770 muniretur
934 702 960 769 is
980 702 1075 768 locus.
1123 702 1229 792 Vulgo
1246 704 1326 772 solet

213 802 392 891 exemplum
408 801 528 868 adferri
544 802 584 870 de
601 803 787 881 conditione,
813 803 839 869 si
857 803 1041 891 posthumus
1057 802 1098 868 sit
1114 815 1266 882 mortuus,
1283 806 1325 872 ab

214 927 254 974 eo
277 902 396 992 scripta
420 901 475 990 qui
499 904 699 990 posthumum
724 903 848 970 omnino
874 901 1085 991 exspectabat,
1113 912 1149 969 ut
1171 905 1326 972 sententia

214 1002 424 1095 dispositionis
440 1003 631 1090 producatur
652 1004 694 1071 ad
711 1027 782 1071 eum
799 1024 915 1079 casum,
942 1001 968 1066 si
984 1001 1011 1066 is
1028 1001 1212 1088 posthumus
1234 1014 1325 1072 natus

214 1126 278 1174 non
294 1112 386 1182 essct,
403 1103 478 1192 quia
494 1114 615 1171 constet
628 1105 821 1172 voluntatem
836 1100 991 1190 loquentis
1007 1109 1124 1167 motam
1141 1101 1237 1170 inisse
1253 1107 1325 1171 co'n·

214 1205 405 1273 siderationo
421 1226 484 1270 non
504 1205 666 1272 exstiturae
684 1204 801 1292 prolis:
823 1203 907 1290 quod
930 1201 1030 1290 ipsum
1052 1221 1116 1266 non
1132 1203 1216 1289 apud
1229 1203 1326 1290 juris-

46 1317 203 1406 gtgffffiffi
215 1305 372 1374 consultos
388 1313 521 1383 autum,
538 1307 640 1372 sedet
656 1298 762 1392 bapud
776 1304 967 1380 Ciceronem,
979 1312 1012 1369 et
1024 1300 1187 1370 Valerium
1202 1304 1326 1371 9Μικί-

48 1413 192 1498 &⁸1⁴²st
215 1429 300 1475 mnm
316 1404 459 1473 invenire
476 1415 531 1473 est

48 1525 140 1578 mem
199 1586 202 1592 ,
291 1506 572 1575 4Ciceroeausa:
588 1558 595 1571 .
609 1505 1032 1594 hancodiertorationopro
1045 1507 1194 1575 Coeciam
1212 1506 1326 1584 Quid?

214 1609 420 1701 perdiscatis
439 1610 498 1675 boe
515 1620 650 1675 cautum
666 1609 769 1675 erat?
791 1611 933 1676 minime.
977 1611 1059 1684 Qreee
1075 1630 1128 1674 reo
1144 1609 1250 1694 igitur
1267 1631 1326 1674 oa·

215 1709 306 1778 luit?
327 1710 500 1776 voluntas:
525 1731 599 1796 quer
616 1712 648 1776 ei
670 1711 785 1775 tacitis
803 1711 896 1775 nobis
918 1710 1061 1792 intelligi
1075 1721 1195 1795 posset,
1217 1710 1326 1776 verbio

213 1811 344 1878 omaiao
360 1832 424 1877 aon
445 1821 632 1876 uteremur:
655 1811 737 1895 quia
759 1833 824 1876 stoa
832 1821 950 1896 potest,
973 1811 1073 1876 verba
1089 1821 1221 1895 reperta
1237 1823 1324 1887 etant,
1351 1832 1354 1836 ·

212 1931 279 1977 aoso
295 1932 367 1995 queo
389 1910 593 1996 impedirent,
617 1912 674 1975 sed
690 1932 763 1996 qaeec
780 1912 968 1976 indicarent
990 1911 1195 1976 voluntatem.
1246 1911 1326 1976 Mox

212 2008 246 2076 in
262 2009 371 2077 endem
389 2008 531 2076 oratione
545 2008 621 2074 dicit
637 2007 719 2074 idem
737 2008 792 2098 jus
808 2031 885 2087 esse,
902 2008 957 2076 ubi
973 2010 1160 2099 perspicitur
1178 2013 1261 2077 crura
1277 2020 1327 2077 at-

257 2171 314 2220 ·Ιιι
329 2169 452 2232 pactione,
471 2183 500 2216 ne
515 2167 653 2230 quiriacus
670 2169 745 2215 nuris
796 2168 857 2230 Csp.
868 2169 971 2231 praeced.
984 2169 1038 2218 Lib.
1048 2183 1099 2217 vsu.
1109 2184 1162 2232 cap.
1174 2171 1196 2220 7.
1208 2185 1234 2220 n.
1244 2173 1267 2218 1.
1283 2185 1327 2218 ex·

211 2245 408 2310 &samsucio
417 2259 445 2293 eo
454 2249 557 2305 ternpore
565 2258 616 2291 cusa
622 2257 668 2290 noa
675 2244 746 2290 eliud
794 2244 901 2305 emplum
912 2244 1012 2304 legitur,
1021 2245 1087 2306 quod
1097 2245 1129 2292 nd
1139 2245 1201 2292 lasne
1214 2245 1326 2306 regulam

211 2328 271 2372 estet
284 2320 404 2370 metenda·
418 2317 502 2382 emus]
530 2319 622 2367 Fuscus
637 2320 745 2367 Asellius
794 2325 876 2381 potest
885 2319 977 2376 reterri,
987 2333 1134 2380 quamquem
1143 2323 1264 2369 contrario
1291 2337 1328 2367 ro·

211 2397 238 2446 tn
249 2397 421 2454 controversie,
432 2409 487 2459 quas
496 2400 535 2442 est
549 2395 615 2455 apud
629 2396 743 2442 Senecam
794 2397 843 2444 do:
857 2396 970 2442 nimirum
987 2396 1074 2453 Petris,
1086 2397 1137 2457 qni,
1151 2411 1226 2458 quum
1237 2399 1327 2446 Filium

212 2473 307 2522 dsclms
324 2471 388 2519 libro
407 2483 436 2518 11.
467 2470 541 2518 Hanc
559 2471 621 2517 caim
640 2471 744 2516 animam
793 2485 864 2519 snum
874 2471 899 2517 in
910 2471 975 2518 bello
985 2472 1126 2520 occubuisse
1135 2473 1197 2519 tnlso
1207 2475 1327 2533 crederet,

204 2545 744 2612 fetsnsiaedubiojsrastiamtriaoadi·
793 2546 853 2594 elios
863 2547 1002 2594 instituerat
1011 2547 1121 2597 heredes.
1151 2548 1327 2607 Heantrids-

211 2624 362 2682 mmor,
377 2637 429 2671 σκιιι
446 2623 509 2669 illud
521 2636 613 2683 quoque
629 2621 743 2678 corrant,
792 2625 934 2678 tonsuram
943 2620 1011 2667 dedit
1021 2622 1097 2668 errori
1111 2622 1226 2670 Auctoris
1238 2626 1326 2686 nostri,

211 2698 500 2748 unortcdicidereatnr.
792 2696 915 2744 memorias
924 2697 1325 2759 ritiodnodinrsacuntnndentis.

257 2774 352 2837 oApud
362 2771 511 2834 Ciceronem]
527 2772 607 2819 Etiam
618 2771 648 2818 de
656 2770 741 2818 Iaces·
790 2772 821 2822 J.
830 2772 864 2821 B.

213 2851 277 2902 ιίοιω
286 2863 316 2897 ιι.
330 2849 364 2911 (c.
375 2848 427 2908 42.)
836 2856 848 2882 θ
866 2849 923 2897 Una
937 2852 1009 2910 etque
1018 2848 1099 2896 endem
1108 2863 1184 2897 caasa
1193 2853 1325 2916 equitetis]

257 2928 269 2959 ⁰
283 2929 351 2976 Nihil
360 2929 406 2975 hae
416 2928 447 2975 de
457 2941 484 2974 rs
499 2930 578 2973 smtnt
589 2926 654 2986 apud
667 2925 741 2971 l'nle·
793 2924 832 2970 Sic
842 2923 867 2970 in
878 2937 990 2984 sponsum
998 2925 1097 2971 alterius
1104 2926 1249 2974 adulterium
1256 2943 1325 2976 com.

210 3006 275 3054 rium
286 3004 428 3060 Maximum,
439 3015 484 3048 nec
493 3002 518 3048 in
530 3000 617 3061 Capite
627 3000 668 3048 De
681 3002 742 3047 rutis
792 2999 857 3046 mitti
870 3001 958 3060 probat
972 3001 1043 3048 Philo
1057 3002 1088 3048 de
1103 3003 1247 3062 specialibus
1261 3005 1325 3066 legi.

215 3080 368 3133 restaurantis
377 3082 400 3126 et
409 3076 546 3138 insperatis,
553 3076 595 3122 ubi
600 3076 669 3123 locus
678 3080 742 3122 esset
792 3076 845 3132 bus,
865 3076 948 3123 addita
967 3091 1053 3125 causas
1069 3077 1095 3124 al
1114 3081 1166 3138 γάρ
1186 3079 1325 3143 ὁμολογίαι

212 3161 293 3221 aptas,
311 3169 357 3204 neo
372 3153 439 3213 stibi,
454 3153 520 3215 qnod
535 3153 619 3201 sciam.
649 3153 697 3200 Sed
716 3152 742 3198 in
791 3155 846 3198 τοῖς
856 3150 948 3211 γάμοις
955 3152 1222 3216 lectitantes-(Pae
1231 3158 1276 3206 788
1283 3158 1324 3221 Δ.)

264 3408 282 3461 3
304 3401 383 3460 'l'nlse
406 3417 444 3457 nn
462 3402 590 3474 example
605 3402 636 3455 in
648 3418 685 3456 an
697 3407 861 3472 agreement
876 3399 959 3455 mado
974 3400 1036 3457 that
1048 3419 1086 3458 no
1098 3403 1179 3476 place
1193 3405 1266 3461 shall
1284 3407 1323 3464 bc

209 3489 312 3546 veiled
322 3488 424 3552 round,
437 3488 521 3544 made
532 3495 563 3542 nt
577 3505 595 3542 a
609 3489 678 3543 timo
691 3488 771 3541 wiron
785 3486 865 3542 there
880 3505 935 3541 aas
949 3504 987 3542 no
1002 3489 1085 3545 other
1099 3508 1160 3564 way
1175 3494 1208 3548 of
1218 3493 1323 3550 fortili-

210 3577 316 3632 estion.
343 3574 507 3647 Thathneo
515 3581 620 3628 cannot
632 3590 703 3629 eren
711 3573 782 3628 hare
791 3589 826 3626 an
836 3573 1007 3629 earth-work
1019 3576 1101 3631 made
1114 3579 1206 3633 round
1218 3581 1250 3645 it,
1262 3581 1288 3635 ii
1299 3582 1323 3636 it

209 3678 317 3736 appear
334 3661 397 3717 that
412 3661 462 3716 the
476 3660 543 3732 only
563 3675 647 3715 causo
667 3660 714 3714 sor
728 3659 902 3731 prohibiting
921 3661 997 3715 walls
1016 3680 1071 3717 was
1090 3663 1154 3720 that
1173 3665 1222 3720 the
1240 3667 1323 3738 placo

208 3749 301 3822 might
312 3756 364 3804 not
375 3750 411 3804 be
426 3747 559 3802 fortified.
597 3749 642 3801 An
663 3745 792 3817 example
811 3747 832 3800 is
852 3747 932 3801 osten
947 3749 1034 3803 taken
1052 3750 1080 3803 in
1097 3749 1146 3806 the
1161 3753 1322 3809 conditione

207 3835 375 3893 introduced
384 3837 415 3890 in
427 3835 476 3890 the
485 3833 541 3887 will
551 3833 584 3888 of
596 3849 613 3886 n
625 3838 744 3888 testator
756 3833 785 3886 in
797 3850 860 3889 caso
871 3832 914 3888 his
923 3835 1108 3906 posthumous
1118 3837 1193 3892 child
1206 3839 1261 3904 die,
1272 3840 1323 3897 tho

207 3928 362 3980 testament
373 3921 459 3992 being
474 3920 557 3976 mado
570 3920 608 3992 by
621 3937 675 3974 one
689 3920 751 3974 who
765 3919 837 3992 fully
850 3921 985 3991 expected
1001 3939 1019 3975 n
1031 3924 1215 3994 posthumoue
1228 3927 1322 3994 child,

206 4008 266 4064 and
280 4008 331 4065 tho
345 4009 407 4064 rulo
419 4009 442 4062 is
458 4008 527 4063 used
543 4017 573 4062 to
589 4007 692 4062 extend
702 4006 752 4061 thc
761 4006 941 4078 dispositions
953 4009 985 4063 of
998 4008 1046 4064 the
1059 4016 1212 4068 testamcnt
1224 4019 1255 4070 to
1270 4015 1321 4070 the

207 4096 313 4153 cassin
324 4094 415 4151 which
430 4094 479 4149 the
494 4095 679 4167 posthumous
695 4094 771 4149 child
783 4095 806 4148 is
819 4101 868 4150 not
884 4094 972 4149 borne
996 4096 1117 4154 because
1132 4099 1156 4154 it
1170 4099 1193 4154 is
1206 4101 1322 4158 erident

206 4182 271 4239 thet
285 4183 335 4240 the
347 4183 404 4237 will
416 4182 449 4238 oi
461 4181 509 4236 the
523 4188 642 4236 testator
658 4198 711 4234 was
723 4181 824 4235 mered
840 4181 939 4252 bytho
954 4184 1162 4241 consideration
1177 4187 1212 4242 of
1222 4205 1240 4242 a
1253 4205 1322 4262 pro·

205 4269 379 4344 genysshich
391 4287 479 4326 never
491 4286 570 4324 caure
582 4269 642 4322 into
655 4270 812 4323 existence:
829 4267 921 4322 which
930 4271 1058 4342 example
1067 4289 1108 4328 we
1121 4273 1239 4330 findnot
1253 4277 1321 4351 only
1367 4333 1371 4339 ,

204 4356 236 4412 in
251 4356 301 4412 the
314 4358 429 4422 Jurists,
442 4357 495 4411 but
510 4356 568 4410 also
584 4356 614 4409 in
631 4355 729 4410 Cicero
745 4355 801 4409 and
816 4354 947 4410 Valerius
961 4355 1111 4416 Maximus.

264 4449 282 4498 4
312 4443 368 4499 Sco
382 4443 480 4499 cicero
494 4444 524 4497 in
540 4442 589 4498 tho
603 4442 714 4498 oration
725 4461 780 4516 pro
797 4442 915 4498 Cercina.
951 4443 1015 4499 And
1030 4444 1121 4504 henco
1135 4447 1186 4504 tho
1199 4448 1275 4504 form
1289 4448 1325 4505 oi
