2828 4920
60 301 135 360 (ier.
147 295 237 374 XV]
281 302 336 359 DE
357 301 579 360 FEDERIBUS
601 303 651 360 Ac
675 296 1186 362 sroxslon'1nus.143

64 471 155 539 dere.
201 469 292 536 Bene
310 466 543 538 Tertullianus.
572 474 739 548 Quamdiu
756 474 850 538 intra
867 475 1026 540 Israelem
1042 486 1116 540 erat
1131 497 1187 540 aa
1199 494 1333 582 ‘fem

66 585 283 646 aramentum,
307 571 424 636 merito
443 573 480 636 in
505 573 589 638 coloe
603 575 738 658 fratrea
763 576 1025 641 ntieericordium
1047 577 1187 641 manda·

67 676 137 740 bat.
168 674 218 738 At
233 671 293 736 ubi
312 671 442 738 Clerieto
458 673 551 738 dedit
563 686 672 758 gentes
684 675 898 741 hereditatem
913 688 944 741 et
956 672 1186 760 poeeeeeione'm

67 775 227 840 terminet
244 783 349 849 terra,
373 783 405 837 et
421 774 518 859 eoepit
534 777 678 861 arpunqi
694 776 781 860 quod
800 776 926 841 dictum
943 788 990 842 eet
1000 797 1065 862 per
1085 778 1185 844 Oete.-

64 875 149 940 Non
180 862 324 959 papulae
350 895 439 939 mette
457 875 603 960 populus
635 896 733 954 meua,
750 909 752 912 ·
767 887 796 941 et
830 897 894 940 uon
923 877 1186 942 ritmerieerdiam

62 985 243 1042 ootteeeuta
269 973 534 1040 mieere'eerdiam
559 987 738 1051 conmenta,
767 977 875 1040 Natio
900 978 1046 1053 eeilieet,·
1071 978 1187 1043 eeiude

66 1077 230 1144 aeaeae
247 1075 286 1140 in
307 1096 415 1141 amaea
433 1075 530 1160 leyem
543 1077 711 1160 fraterna
729 1077 941 1161 heriiqnitatie
957 1078 1107 1156 extendit,
1132 1098 1187 1144 ne·

60 1178 192 1242 minem
208 1176 380 1242 excludent
394 1177 431 1240 in
447 1177 665 1252 miseratione,
683 1177 768 1242 eieut
785 1178 822 1241 in
839 1179 1014 1244 vocatione.
1134 1167 1138 1173 ’

147 1278 173 1342 2
207 1275 288 1355 Quae
304 1273 403 1362 accipi
420 1283 547 1362 oportet
562 1275 651 1342 salva
666 1275 785 1364 gradus
810 1276 995 1354 differentia,
1014 1285 1051 1344 ut
1069 1276 1102 1344 in
1119 1299 1186 1344 om·

57 1399 127 1444 nes
144 1375 243 1443 simus
257 1375 397 1451 benefici,
414 1374 574 1462 praecipue
586 1385 692 1441 tamen
709 1375 741 1441 in
758 1376 918 1467 religionis
935 1386 1105 1445 consortes.
1145 1378 1185 1444 In
1198 1405 1322 1449 eumne

60 1476 245 1546 Clementis
261 1474 534 1542 constitutionibus
555 1475 708 1565 legimus:
734 1479 836 1545 πᾶσιν
855 1469 910 1544 οὖν
929 1469 1051 1546 δίκαιον
1066 1468 1329 1548 hirimannum.
1353 1536 1357 1540 .

56 1574 110 1670 ἐξ
139 1578 264 1648 οἰκείων
288 1570 406 1645 πόνων·
443 1573 672 1667 προτιμητέον
697 1567 733 1644 ie*
760 1574 840 1651 rotie
862 1574 992 1667 ei'ye'ove'
1028 1581 1185 1647 Omnibus

60 1680 282 1766 largiendum
307 1678 348 1743 de
368 1689 484 1743 noetra
507 1700 631 1763 opera:
654 1680 711 1743 ced
731 1680 783 1744 ita
808 1691 845 1744 ut
867 1691 1056 1745 sanctorum
1071 1681 1186 1766 potiar

60 1782 236 1846 habeatur
249 1779 351 1844 ratio.
395 1779 549 1863 Perfecta
567 1779 762 1854 liberalitas,
783 1777 883 1864 inquit
901 1778 1083 1846 Ambrosius
1084 1783 1184 1870 ,fide
1200 1803 1318 1854 ameum

61 1902 188 1957 cauea,
206 1880 283 1954 ἱοοο,
302 1880 706 1965 temporecommeadatur,
724 1891 761 1943 ut
771 1882 921 1965 primum
934 1881 1085 2006 opeterie‘
1093 1883 1186 1947 circa

63 1982 264 2048 domesticae
270 1980 364 2063 fidet
417 1976 524 2045 Simile
540 1989 589 2044 est
605 1978 683 2044 illud
700 1979 902 2046 Aristotelis:
927 1978 965 2049 οὐ
981 2009 1054 2074 γαρ
1067 2009 1183 2059 ομοιως
1198 2003 1321 2047 neum
1377 2053 1387 2070 .

64 2077 234 2174 προσήκει
251 2073 405 2161 συνήθων
423 2107 476 2146 και
469 2074 629 2147 ὀθνείων
651 2075 852 2174 φροντίζειν·
877 2082 993 2167 Neque
1012 2083 1099 2147 enim
1115 2103 1184 2168 par

66 2194 119 2250 eet
137 2182 296 2269 aqualem
312 2202 429 2246 curram
445 2180 554 2245 eubiri
564 2202 630 2265 pro
646 2193 737 2245 enter
738 2183 790 2246 uie
806 2192 836 2246 et
848 2202 913 2266 pro
928 2183 1055 2248 amicit.

150 2284 172 2347 3
203 2281 372 2348 Convictus
396 2279 491 2345 etiam
515 2279 678 2344 familiaris
703 2302 773 2345 cum
798 2280 984 2358 hominibus,
1011 2279 1066 2368 qui
1090 2279 1185 2348 alieni

67 2390 190 2450 sunta
214 2380 391 2470 Religione,
415 2401 479 2445 non
503 2379 710 2466 prohibetur:
738 2402 776 2445 ae
801 2402 841 2445 ne
866 2402 937 2445 cum
962 2380 1022 2446 illis
1047 2381 1184 2468 quidem,

68 2504 207 2572 quorum
222 2480 314 2568 pejor
330 2501 424 2546 causa
440 2489 497 2556 est,
515 2488 549 2546 et
565 2479 619 2567 qui
636 2500 656 2544 a
671 2478 843 2565 disciplinae
866 2480 1055 2548 Christiana
1072 2481 1186 2570 regule

68 2582 229 2661 deficiunt,
254 2602 346 2646 omne
366 2577 564 2646 interdicitur
589 2578 816 2656 commercium,
842 2581 898 2645 sed
919 2580 1073 2648 familiare
1093 2589 1187 2648 extra

67 2683 300 2760 necessitatem,
327 2703 389 2747 non
402 2678 497 2746 etiam
515 2678 599 2766 quod
624 2675 851 2744 emendandis
842 2679 917 2797 ipsis
942 2703 1029 2771 spem
1052 2682 1183 2768 prebet.
1197 2707 1328 2749 emmau

70 2782 158 2850 Illud
180 2805 256 2850 rero
289 2781 374 2869 quod
398 2780 484 2868 apud
510 2779 642 2845 Paulum
668 2787 725 2855 est,
756 2781 857 2846 Ne
834 2804 953 2867 yuyum
978 2784 1087 2849 ducite
1109 2755 1266 2848 cumibn
1276 2799 1343 2842 τινι

69 2885 194 2951 alienia
210 2907 235 2949 a
249 2885 342 2969 fide:
367 2884 454 2969 quod
471 2883 557 2947 euim
582 2882 779 2946 consortium
802 2893 849 2947 eet
867 2883 1010 2966 jectitioe
1032 2905 1106 2950 cum
1121 2884 1188 2950 int·
1198 2851 1279 2897 m

69 2987 210 3072 quitate,
234 2995 295 3050 aut
311 3007 382 3067 quoe
397 2983 583 3049 commixtio
608 2993 655 3047 eet
674 2981 741 3046 luci
765 3003 838 3046 cum
856 2983 1005 3060 tenebris,
1029 2995 1093 3049 aut
1115 3007 1188 3071 qua

69 3088 251 3152 eoncordia
273 3096 320 3151 eet
342 3086 472 3152 Christo
497 3105 573 3148 eam
594 3084 737 3156 Satauci,
765 3094 824 3144 aut
845 3105 915 3166 quoe
930 3105 1019 3168 pare
1044 3086 1189 3150 credenti

68 3208 147 3252 eum
158 3209 222 3251 noa
234 3185 411 3254 credente?
427 3183 468 3250 ad
483 3204 536 3248 eos
549 3180 687 3269 pertinet
704 3180 757 3265 qui
770 3180 801 3244 in
814 3180 913 3245 idohis
932 3181 1187 3262 convivabantur,

68 3295 170 3371 atque
195 3286 240 3352 ita
266 3294 323 3352 aut
350 3282 558 3350 idololatriam
583 3278 827 3356 committebant,
855 3289 912 3345 aut
937 3290 1024 3346 certe
1049 3281 1189 3348 commit·

68 3384 206 3452 tentiam
219 3385 353 3474 speciem
376 3383 570 3471 prabebant.
609 3378 789 3445 Ostendunt
806 3380 987 3465 sequentia:
1017 3384 1099 3462 Qua
1115 3403 1189 3448 con·

67 3487 179 3553 amato
197 3486 314 3572 templo
335 3485 403 3549 Dei
420 3504 494 3548 cum
516 3480 645 3547 idolie?
670 3478 781 3545 similia
797 3478 858 3544 illis
874 3501 946 3567 quai
968 3479 1000 3546 in
1017 3479 1124 3569 priore
1145 3481 1188 3549 ed
1201 3505 1337 3547 rama.

67 3740 179 3811 belong
192 3743 223 3794 to
238 3737 349 3811 private
369 3735 523 3809 prudence,
536 3739 588 3790 not
606 3739 637 3789 to
652 3732 750 3806 public
764 3682 867 3806 halley,
881 3733 937 3788 and
953 3721 1044 3789 admit
1058 3734 1092 3790 oi
1101 3752 1188 3811 many

68 3826 246 3898 exceptione.

127 3913 167 3967 X.
212 3917 227 3967 1
256 3911 318 3967 The
342 3910 448 3982 Gospcl
477 3906 605 3978 changed
631 3906 751 3978 nothing
769 3906 800 3962 in
822 3905 880 3962 this
901 3912 1022 3963 mettere
1045 3907 1070 3964 it
1090 3907 1189 3965 rather

68 4000 191 4056 favours
202 3999 387 4054 conventione
400 3996 468 4051 nith
479 3996 517 4050 all
530 4011 596 4049 men
610 3993 674 4050 that
686 4012 727 4049 wo
738 4012 803 4066 may
816 3994 853 4049 do
866 3993 947 4050 them
962 3994 1055 4066 good:
1075 4012 1106 4050 as
1122 3995 1188 4052 (iod

70 4085 172 4142 makes
186 4084 231 4140 hia
243 4102 297 4139 sun
308 4091 339 4140 to
354 4086 410 4139 riae
423 4100 461 4138 on
475 4082 525 4137 the
533 4084 594 4152 just
612 4080 668 4134 und
680 4096 718 4135 on
734 4081 783 4136 the
796 4084 899 4152 unjust.
945 4082 984 4137 So
997 4080 1165 4138 Tertullian.

134 4177 151 4225 2
180 4171 283 4225 Which
297 4178 374 4225 must
386 4172 422 4226 bo
434 4170 521 4224 taken
536 4166 604 4222 with
617 4185 635 4222 a
647 4168 808 4232 differcncc,
822 4167 886 4221 that
900 4183 942 4222 wc
954 4185 1003 4223 aro
1018 4173 1049 4223 to
1064 4167 1101 4225 do
1112 4168 1189 4242 good

69 4265 105 4314 to
121 4258 169 4320 eil,
180 4258 235 4311 but
249 4257 385 4329 speciaUy
399 4263 430 4312 to
445 4255 527 4311 those
543 4255 606 4310 who
625 4271 675 4310 are
691 4271 744 4310 our
757 4254 905 4327 partakers
918 4255 948 4308 in
963 4254 1092 4326 religion.
1131 4255 1188 4313 See

69 4345 125 4403 the
137 4344 316 4400 Clementiae
331 4344 549 4406 Constitutione,
565 4342 713 4406 Ambrosa
728 4342 873 4398 Aristode.

127 4437 143 4488 3
165 4431 301 4486 Familiar
314 4432 489 4486 intercourse
502 4431 524 4485 is
535 4437 587 4485 not
598 4429 750 4485 forbidden
762 4430 830 4484 nith
845 4437 987 4500 strangers
1002 4433 1033 4484 to
1045 4427 1188 4502 Religion,

66 4535 127 4576 nor
140 4535 212 4576 eren
223 4517 306 4575 those
318 4518 381 4573 who
393 4517 466 4574 have
480 4535 554 4590 gono
568 4517 642 4574 back
655 4518 731 4573 irom
748 4517 884 4590 religion;
902 4517 955 4572 but
967 4515 1036 4591 only
1050 4533 1188 4576 unncoee·
1261 4559 1264 4564 -
