2828 4920
229 216 294 283 192
414 225 468 282 DE
488 222 630 282 DAMXO
652 225 729 282 PER
751 222 942 282 mwuml
963 219 1081 288 Dare,
1102 220 1153 277 ΕΤ
1212 218 1290 291 [heu.
1302 222 1343 279 11.

229 390 339 471 mario,
357 389 411 480 qui
428 414 498 457 eum
514 413 555 459 ex
567 390 640 479 jure
663 387 790 479 proprie
809 388 892 456 dicto
909 386 1024 454 debeat
1041 392 1152 454 rotare
1170 396 1344 475 precepto,

229 496 304 561 ‘aut
326 513 418 580 opem
438 490 524 557 serre
545 491 574 557 ei
595 491 645 558 cui
668 492 703 557 ιι
725 490 851 579 injuria,
868 488 902 556 id
925 511 988 554 non
1009 485 1093 554 iacit.
1136 487 1171 553 Is
1187 484 1345 555 Ghalm

229 591 454 680 Perephrastte
471 589 573 661 Levit.
590 614 643 662 ιι
659 595 691 660 5.
707 606 774 675 'tyn
790 590 971 658 obfirmator
988 587 1111 656 dieitur.

68 718 124 759 rm.
133 715 194 756 ura
302 692 362 759 lX.
404 690 604 769 Seeundario,
625 692 680 780 qui
701 702 757 759 aut
778 713 841 758 non
864 688 1023 756 dissuadet
1043 711 1114 756 cum
1136 688 1262 767 debeat,
1286 695 1347 758 aut

64 765 114 806 ω
124 765 155 806 ¹²
230 791 349 862 ιιοιοιιι
360 791 473 859 reticet
485 791 570 878 quod
587 803 694 859 notum
706 792 811 860 facere
824 790 969 858 debebat.
1007 788 1091 855 Illud
1104 799 1211 858 autem
1223 790 1347 859 debere

230 893 265 962 in
280 891 332 961 his
347 891 490 961 omnibus
505 891 670 960 referimus
685 894 761 960 nd
748 917 801 981 Jus
818 890 979 980 proprium
997 889 1107 977 quod
1093 890 1217 979 justitia
1232 891 1349 980 exple-

231 992 298 1062 trix
308 992 444 1081 respicit,
460 991 528 1059 sire
539 991 616 1059 illud
633 994 756 1084 exlege
772 993 838 1060 sire
850 1014 891 1057 ex
907 989 1061 1078 qualitate
1075 990 1226 1058 exeritur.
1257 992 1348 1060 Nam

230 1093 389 1162 sidebeat
404 1113 446 1160 ex
466 1091 606 1160 caritatis
622 1116 741 1171 norma,
762 1092 903 1183 peccabit
924 1088 1050 1178 quidem
1075 1090 1258 1169 emittendo,
1279 1114 1348 1160 non

231 1202 339 1263 temen
354 1193 398 1260 ad
418 1193 649 1282 reparationem
673 1195 842 1272 tenebitur,
859 1192 947 1282 cujus
968 1190 1057 1282 origo
1074 1200 1124 1259 est
1138 1189 1192 1280 jus
1211 1191 1347 1281 aliquod

231 1293 405 1386 proprium,
423 1302 460 1361 ut
475 1303 550 1361 ante
564 1294 707 1363 diximus.

68 1429 198 1477 m„
308 1396 352 1462 X.
394 1394 560 1462 Sciendum
577 1418 701 1483 quoque
718 1396 775 1462 hos
796 1417 902 1462 ornnes
919 1417 997 1482 quos
1013 1392 1150 1462 diximus
1166 1391 1212 1462 ita
1228 1391 1348 1473 teneri,

64 1477 170 1610 Ξιῗιι.
171 1523 221 1574 ιι.
232 1494 260 1564 si
275 1517 352 1565 rere
368 1517 462 1563 eausa
482 1496 601 1562 suerint
623 1496 739 1574 damni,
759 1497 862 1574 idest,
883 1504 1073 1562 momentum
1092 1494 1270 1574 attulerint,
1288 1503 1349 1563 aut

231 1597 275 1664 ad
291 1606 393 1665 totum
415 1596 573 1673 damnum,
596 1607 651 1662 aut
668 1597 710 1663 ad
734 1607 855 1684 partem
871 1595 986 1664 damni.
1030 1596 1113 1662 Nam
1129 1618 1214 1683 saepe
1229 1595 1349 1663 accidit

231 1696 266 1763 in
295 1697 462 1787 agentibus
490 1697 539 1763 rel
566 1697 796 1786 negligentibus
822 1696 998 1763 secundarii
1024 1696 1152 1775 ordinis,
1183 1696 1348 1765 interdum

231 1797 327 1865 etiam
351 1797 385 1864 in
405 1797 588 1885 quibusdam
612 1798 666 1883 qui
689 1806 762 1864 sunt
785 1797 903 1863 ordinis
924 1796 1076 1884 primarii,
1099 1806 1135 1864 ut
1158 1795 1253 1865 etiam
1277 1797 1348 1864 sine

232 1919 341 1965 eorum
357 1906 430 1964 actu
449 1908 506 1964 eut
522 1897 696 1986 neglectu
689 1919 715 1963 ιι
733 1897 788 1984 qui
807 1897 954 1963 damnum
970 1897 1058 1964 dedit
1073 1906 1177 1964 certus
1197 1897 1296 1965 fuerit
1310 1897 1348 1964 id

66 2017 197 2104 gutue-
231 1996 334 2086 ipsum
357 1998 454 2065 darc·
480 2018 543 2084 quo
567 2019 640 2063 casu
661 1996 706 2063 illi
729 2019 808 2084 quos
830 1996 897 2062 dixi
920 2019 982 2062 non
1008 1997 1206 2065 tenebuntur.
1249 1997 1349 2078 Quod

67 2065 204 2162 lione?
232 2106 339 2165 tamen
353 2120 416 2164 uon
431 2097 478 2163 ita
494 2096 730 2186 intelligendum
748 2105 805 2173 est,
817 2107 853 2163 nt
870 2119 897 2163 ιι
886 2095 965 2163 alii
982 2096 1120 2164 deleturi
1135 2119 1197 2163 non
1214 2097 1347 2176 fuerint,

137 2262 140 2269 .
230 2207 309 2287 puta
324 2219 378 2286 qur
368 2197 573 2275 euaderent,
591 2208 646 2263 aut
662 2197 823 2284 jurarent,
841 2219 904 2262 non
921 2205 1087 2263 teneantur
1104 2197 1159 2285 qui
1176 2197 1347 2277 suaserint,

231 2304 289 2365 ant
299 2297 451 2386 juverint,
468 2319 496 2363 ιι
486 2296 629 2385 'absque
651 2319 710 2385 ope
726 2305 783 2363 aut
799 2295 925 2363 consilio
942 2295 997 2384 qui
1020 2296 1108 2362 dedit
1122 2297 1272 2363 damnum
1289 2297 1349 2364 da·

274 2483 288 2512 ⁸
301 2475 353 2525 Aac
366 2489 435 2537 opem
444 2475 515 2537 serre
530 2474 554 2522 ei
565 2474 604 2522 cui
613 2475 647 2534 fit
663 2473 761 2532 injuria,
811 2475 876 2522 ihus
889 2473 923 2534 μιί
936 2473 1115 2535 βουληθέντοι·
1142 2473 1283 2523 Incendium
1298 2490 1350 2523 m

231 2549 399 2614 idmseeit]
416 2551 516 2598 Nicetes
527 2550 658 2598 choniates
668 2551 761 2597 hlicha·
811 2551 834 2597 ei
851 2555 941 2597 tantam
952 2549 1087 2610 imputetur
1102 2550 1238 2611 quisnam
1255 2551 1350 2609 intulit,

230 2629 270 2676 ele
284 2627 424 2676 comneno:
439 2625 453 2674 ὁ
471 2626 626 2685 insperate,
643 2627 671 2671 οὺ
686 2628 762 2684 μόνον
812 2629 854 2674 sed
863 2633 885 2674 et
894 2627 924 2683 ei,
939 2626 1177 2687 qaiprohiberecune
1186 2632 1278 2688 ροιιιι,
1293 2643 1349 2675 ose·
1372 2624 1375 2626 ’

230 2705 279 2753 τοῦ
292 2702 450 2766 ἀνάψαντας,
468 2702 539 2751 ἄλλοι
556 2704 597 2748 καὶ
616 2703 662 2748 τοῦ
683 2720 764 2749 κατι·
813 2705 869 2750 nine
879 2703 961 2748 noluit.
991 2701 1061 2760 (Lib.
1072 2715 1090 2749 1.
1101 2715 1123 2748 c.
1134 2701 1173 2759 3.)

117 2810 122 2818 -
231 2779 325 2840 elidens
332 2779 475 2840 δυναμένου,
481 2777 572 2838 δράσαι
578 2777 605 2825 δι’
612 2795 641 2824 τι
647 2779 764 2826 τοιοῦτον
858 2775 868 2812 ἴ
881 2777 910 2824 Sl
926 2783 989 2824 totus
1001 2783 1069 2826 ectus
1078 2777 1109 2824 ab
1122 2777 1190 2838 ipsis,
1206 2791 1351 2840 quareque„

284 3027 340 3085 lx,
376 3027 568 3101 Secondarily,
586 3028 623 3084 ho
642 3028 705 3085 who
724 3029 792 3086 does
809 3037 861 3086 not
883 3030 1014 3086 dissuade
1032 3029 1114 3086 when
1133 3030 1172 3086 he
1191 3029 1289 3102 ought,
1312 3048 1350 3087 or

231 3113 320 3188 keeps
332 3114 437 3171 silence
451 3115 539 3170 about
551 3132 568 3169 a
582 3114 641 3170 ιοοι
655 3116 747 3170 which
762 3117 799 3173 he
814 3118 902 3190 ought
917 3125 947 3173 to
959 3119 1043 3173 nsake
1057 3119 1169 3174 lrnown.
1207 3117 1273 3172 And
1288 3117 1349 3175 this

233 3203 323 3276 might,
333 3203 364 3256 in
375 3201 414 3256 all
424 3201 504 3257 these
513 3218 600 3264 cases,
611 3217 652 3257 we
665 3203 741 3257 roser
750 3210 780 3258 to
792 3221 897 3276 proper
908 3204 998 3275 rights
1011 3204 1067 3259 und
1080 3204 1349 3276 expletoryjustice,
1384 3245 1387 3252 ·

233 3287 362 3345 whether
375 3289 481 3360 arising
498 3288 572 3343 from
587 3288 638 3342 law
654 3304 687 3342 or
705 3290 822 3361 quality.
868 3292 924 3346 For·
939 3292 965 3346 if
976 3291 1013 3347 he
1026 3291 1116 3362 ought
1129 3292 1165 3362 by
1180 3290 1229 3346 the
1245 3291 1298 3346 law
1315 3291 1352 3346 οι

233 3375 344 3448 charity
359 3374 435 3448 only,
444 3376 481 3430 he
495 3376 552 3430 sins
565 3375 667 3429 indeed
683 3376 712 3428 in
731 3383 781 3431 ιιοι
796 3377 881 3450 doing
896 3380 927 3443 it,
939 3379 992 3434 but
1007 3379 1030 3433 is
1042 3385 1094 3433 not
1106 3377 1173 3433 held
1185 3384 1216 3433 to
1231 3394 1350 3450 repara·

234 3463 313 3529 tion3
327 3463 374 3519 ιοι·
391 3462 448 3518 this
462 3460 513 3516 has
528 3464 564 3517 its
579 3463 671 3531 origin
686 3463 715 3515 in
730 3479 747 3515 a
762 3480 867 3535 proper
877 3465 962 3535 right,
974 3483 1004 3520 ns
1016 3483 1058 3520 we
1070 3465 1142 3520 hare
1154 3464 1224 3519 said.

287 3549 327 3604 X
365 3550 394 3604 It
408 3549 432 3604 is
446 3555 477 3604 to
491 3549 528 3604 be
543 3548 630 3603 noted
643 3547 712 3612 also,
728 3549 790 3604 that
802 3551 842 3604 all
852 3550 934 3606 those
947 3552 980 3607 οι
991 3552 1084 3606 whom
1096 3567 1138 3606 we
1153 3549 1226 3607 hare
1237 3551 1350 3623 spoken

233 3652 284 3691 ere
294 3635 392 3690 bound
404 3636 430 3690 ἰι
441 3635 510 3708 they
521 3652 593 3689 erere
606 3635 693 3705 really
706 3634 754 3690 tho
767 3654 850 3691 causo
863 3639 897 3692 οι
909 3638 957 3692 the
973 3638 1100 3709 damage,
1112 3638 1175 3693 that
1187 3639 1219 3701 is,
1233 3637 1259 3691 ιι
1272 3636 1350 3692 ιΙιοῐι·

233 3721 375 3778 inlluenee
389 3722 492 3777 shared
501 3723 530 3776 in
542 3721 698 3793 producing
713 3712 804 3777 either
816 3723 865 3778 the
875 3723 964 3778 whole
978 3724 1034 3779 loss
1046 3731 1177 3794 orapart
1193 3724 1226 3778 οι
1238 3724 1269 3777 it.
1289 3724 1350 3778 For

233 3809 259 3865 it
272 3809 352 3865 otton
370 3807 498 3881 happens
520 3809 549 3862 in
571 3816 669 3878 agents
686 3826 719 3862 or
735 3810 879 3880 negligente
893 3811 927 3865 οι
941 3810 990 3865 the
1005 3811 1160 3880 secondary
1179 3809 1272 3873 order,
1289 3810 1350 3866 and

233 3897 396 3952 sometimes
408 3897 437 3949 in
453 3894 535 3950 those
547 3895 609 3948 wrm
624 3912 673 3950 are
690 3895 723 3950 οι
737 3896 786 3951 the
801 3898 862 3951 tirst
877 3898 969 3960 order,
984 3897 1047 3953 tlrat
1058 3914 1129 3951 eren
1141 3896 1260 3951 without
1272 3895 1350 3952 their

234 3988 282 4038 act
296 3998 330 4038 οι·
344 3981 465 4053 neglect,
477 3981 527 4036 tho
539 3999 643 4053 person
658 3982 721 4037 who
733 3985 899 4038 committed
916 3984 965 4039 tlre
983 3985 1102 4056 damage
1117 4000 1173 4038 was
1188 3984 1296 4039 certain
1314 3992 1350 4040 to

234 4068 405 4125 commitit:
425 4068 455 4122 in
469 4067 560 4123 ulrich
581 4085 646 4123 case
662 4069 731 4140 they
748 4070 805 4123 will
822 4078 872 4126 not
887 4071 923 4126 bo
941 4071 1034 4126 liahle.
1073 4070 1176 4125 Which
1197 4087 1306 4127 nnswer
1323 4073 1349 4127 is

233 4162 286 4211 not
299 4172 331 4212 so
347 4161 377 4212 to
391 4155 428 4211 be
443 4156 616 4211 understood
631 4173 670 4218 as,
689 4156 751 4210 tlrat
767 4157 792 4210 if
804 4157 900 4213 others
916 4158 1008 4213 would
1023 4165 1073 4212 not
1085 4157 1157 4214 hare
1169 4158 1243 4214 been
1260 4165 1350 4214 want-

233 4242 284 4315 ing
302 4249 333 4298 to
351 4243 491 4316 persuade
512 4259 546 4298 or
564 4244 654 4306 assist,
674 4243 754 4298 those
775 4243 837 4298 who
856 4245 903 4298 did
925 4245 1062 4316 persuade
1081 4262 1113 4300 or
1132 4246 1213 4300 assist
1234 4263 1283 4301 are
1297 4251 1351 4301 ιιοι

233 4327 337 4395 Ιὶιιιις
359 4331 385 4386 if
402 4331 521 4386 without
540 4331 653 4386 suasion
674 4347 708 4385 er
731 4332 883 4386 assistance
908 4331 957 4387 the
980 4332 1084 4388 author
1103 4333 1136 4387 οι
1156 4332 1205 4389 the
1229 4334 1351 4404 damage

233 4415 328 4471 would
339 4422 391 4474 not
404 4417 476 4474 hare
488 4418 562 4474 dono
577 4419 608 4474 it.
642 4418 700 4474 For
711 4417 792 4475 those
805 4418 900 4477 others
913 4419 975 4476 who
990 4419 1093 4477 should
1105 4419 1177 4477 hare
1189 4419 1353 4494 persuaded
